<?xml version="1.0" encoding="UTF-8"?>
<!DOCTYPE html PUBLIC "-//W3C//DTD XHTML 1.0 Transitional//EN"
    "http://www.w3.org/TR/xhtml1/DTD/xhtml1-transitional.dtd">
<html xmlns="http://www.w3.org/1999/xhtml" xml:lang="en" lang="en">
 <head>
  <title>
</title>
<meta http-equiv="Content-Type" content="text/html;charset=utf-8" />
  <meta name='ocr-system' content='tesseract 3.04.00' />
  <meta name='ocr-capabilities' content='ocr_page ocr_carea ocr_par ocr_line ocrx_word'/>
</head>
<body>
  <div class='ocr_page' id='page_1' title='image "./corpusscriptoru12wissgoog_0049.png"; bbox 0 0 3300 5142; ppageno 0'>
   <div class='ocr_carea' id='block_1_1' title="bbox 615 531 1326 601">
    <p class='ocr_par' dir='ltr' id='par_1_1' title="bbox 615 531 1326 601">
     <span class='ocr_line' id='line_1_1' title="bbox 615 531 1326 601; baseline 0.004 -13"><span class='ocrx_word' id='word_1_1' title='bbox 615 531 729 588; x_wconf 79' lang='lat' dir='ltr'>Ohrcn.</span> <span class='ocrx_word' id='word_1_2' title='bbox 749 533 770 597; x_wconf 90' lang='grc' dir='ltr'>Ι,</span> <span class='ocrx_word' id='word_1_3' title='bbox 789 533 910 590; x_wconf 82' lang='grc'><strong>26-28.</strong></span> <span class='ocrx_word' id='word_1_4' title='bbox 1285 537 1326 601; x_wconf 86' lang='grc'>31</span> 
     </span>
    </p>
   </div>
   <div class='ocr_carea' id='block_1_2' title="bbox 202 646 1362 876">
    <p class='ocr_par' dir='ltr' id='par_1_2' title="bbox 202 646 1362 876">
     <span class='ocr_line' id='line_1_2' title="bbox 202 646 1362 771; baseline -0.002 -17"><span class='ocrx_word' id='word_1_5' title='bbox 202 689 256 754; x_wconf 90' lang='lat' dir='ltr'>sed</span> <span class='ocrx_word' id='word_1_6' title='bbox 270 689 403 752; x_wconf 84' lang='lat' dir='ltr'>traditus</span> <span class='ocrx_word' id='word_1_7' title='bbox 417 687 517 770; x_wconf 90' lang='lat' dir='ltr'>ruptis</span> <span class='ocrx_word' id='word_1_8' title='bbox 530 687 677 766; x_wconf 89' lang='lat' dir='ltr'>uinculis,</span> <span class='ocrx_word' id='word_1_9' title='bbox 700 689 818 770; x_wconf 92' lang='lat' dir='ltr'>arrepto</span> <span class='ocrx_word' id='word_1_10' title='bbox 833 707 900 754; x_wconf 88' lang='lat' dir='ltr'>osse</span> <span class='ocrx_word' id='word_1_11' title='bbox 919 687 1012 766; x_wconf 88' lang='lat' dir='ltr'>asini,</span> <span class='ocrx_word' id='word_1_12' title='bbox 1034 689 1115 771; x_wconf 89' lang='lat' dir='ltr'>quod</span> <span class='ocrx_word' id='word_1_13' title='bbox 1130 685 1217 754; x_wconf 80' lang='lat' dir='ltr'>casu‘s</span> <span class='ocrx_word' id='word_1_14' title='bbox 1230 689 1328 753; x_wconf 85' lang='lat' dir='ltr'>telum</span> <span class='ocrx_word' id='word_1_15' title='bbox 1358 646 1362 654; x_wconf 21' lang='grc' dir='ltr'><strong>Α</strong></span> 
     </span>
     <span class='ocr_line' id='line_1_3' title="bbox 204 789 1327 876; baseline -0.001 -20"><span class='ocrx_word' id='word_1_16' title='bbox 204 791 341 868; x_wconf 76' lang='lat' dir='ltr'>dederat,</span> <span class='ocrx_word' id='word_1_17' title='bbox 365 790 452 856; x_wconf 92' lang='lat' dir='ltr'>mille</span> <span class='ocrx_word' id='word_1_18' title='bbox 466 809 501 855; x_wconf 83' lang='lat' dir='ltr'>ex</span> <span class='ocrx_word' id='word_1_19' title='bbox 515 789 655 855; x_wconf 73' lang='lat' dir='ltr'><strong>hostibus</strong></span> <span class='ocrx_word' id='word_1_20' title='bbox 668 791 843 872; x_wconf 88' lang='lat' dir='ltr'>pmetrauit.</span> <span class='ocrx_word' id='word_1_21' title='bbox 866 791 1093 876; x_wconf 86' lang='lat' dir='ltr'>ingrauescente</span> <span class='ocrx_word' id='word_1_22' title='bbox 1109 793 1213 857; x_wconf 85' lang='lat' dir='ltr'>autem</span> <span class='ocrx_word' id='word_1_23' title='bbox 1232 792 1327 870; x_wconf 89' lang='lat' dir='ltr'>aestu,</span> 
     </span>
    </p>
   </div>
   <div class='ocr_carea' id='block_1_3' title="bbox 167 893 1379 3748">
    <p class='ocr_par' dir='ltr' id='par_1_3' title="bbox 205 893 1329 1078">
     <span class='ocr_line' id='line_1_4' title="bbox 205 893 1329 982; baseline 0 -24"><span class='ocrx_word' id='word_1_24' title='bbox 205 911 275 958; x_wconf 91' lang='lat' dir='ltr'>cum</span> <span class='ocrx_word' id='word_1_25' title='bbox 296 893 350 958; x_wconf 84' lang='lat' dir='ltr'>siti</span> <span class='ocrx_word' id='word_1_26' title='bbox 371 893 496 958; x_wconf 85' lang='lat' dir='ltr'>affectus</span> <span class='ocrx_word' id='word_1_27' title='bbox 517 895 610 972; x_wconf 90' lang='lat' dir='ltr'>esset,</span> <span class='ocrx_word' id='word_1_28' title='bbox 633 893 772 982; x_wconf 82' lang='lat' dir='ltr'>inuocato</span> <span class='ocrx_word' id='word_1_29' title='bbox 793 894 857 959; x_wconf 87' lang='lat' dir='ltr'>Deo</span> <span class='ocrx_word' id='word_1_30' title='bbox 882 913 918 958; x_wconf 84' lang='lat' dir='ltr'>ex</span> <span class='ocrx_word' id='word_1_31' title='bbox 938 912 1018 972; x_wconf 85' lang='lat' dir='ltr'>osee,</span> <span class='ocrx_word' id='word_1_32' title='bbox 1041 894 1122 978; x_wconf 93' lang='lat' dir='ltr'>quod</span> <span class='ocrx_word' id='word_1_33' title='bbox 1136 912 1230 959; x_wconf 90' lang='lat' dir='ltr'>manu</span> <span class='ocrx_word' id='word_1_34' title='bbox 1244 895 1329 958; x_wconf 86' lang='lat' dir='ltr'>tene·</span> 
     </span>
     <span class='ocr_line' id='line_1_5' title="bbox 205 995 490 1078; baseline 0.004 -18"><span class='ocrx_word' id='word_1_35' title='bbox 205 997 274 1074; x_wconf 85' lang='lat' dir='ltr'>bat,</span> <span class='ocrx_word' id='word_1_36' title='bbox 298 1015 377 1078; x_wconf 90' lang='lat' dir='ltr'>aqua</span> <span class='ocrx_word' id='word_1_37' title='bbox 391 995 490 1061; x_wconf 81' lang='lat' dir='ltr'>fluxit.</span> 
     </span>
    </p>

    <p class='ocr_par' dir='ltr' id='par_1_4' title="bbox 183 1097 1379 1593">
     <span class='ocr_line' id='line_1_6' title="bbox 183 1097 1379 1182; baseline -0.006 -16"><span class='ocrx_word' id='word_1_38' title='bbox 183 1128 196 1166; x_wconf 78' lang='lat' dir='ltr'>e</span> <span class='ocrx_word' id='word_1_39' title='bbox 247 1100 293 1164; x_wconf 80' lang='lat' dir='ltr'>Ea</span> <span class='ocrx_word' id='word_1_40' title='bbox 323 1099 503 1179; x_wconf 88' lang='lat' dir='ltr'>tempestate</span> <span class='ocrx_word' id='word_1_41' title='bbox 531 1097 658 1164; x_wconf 81' lang='lat' dir='ltr'>Samson</span> <span class='ocrx_word' id='word_1_42' title='bbox 683 1098 832 1164; x_wconf 80' lang='lat' dir='ltr'>Hebraeis</span> <span class='ocrx_word' id='word_1_43' title='bbox 856 1100 1006 1180; x_wconf 88' lang='lat' dir='ltr'>praeerat,</span> <span class='ocrx_word' id='word_1_44' title='bbox 1038 1099 1214 1182; x_wconf 83' lang='lat' dir='ltr'>Allephylis</span> <span class='ocrx_word' id='word_1_45' title='bbox 1237 1099 1379 1164; x_wconf 75' lang='lat' dir='ltr'>uniuetss</span> 
     </span>
     <span class='ocr_line' id='line_1_7' title="bbox 206 1201 1329 1285; baseline -0.001 -18"><span class='ocrx_word' id='word_1_46' title='bbox 206 1201 320 1267; x_wconf 84' lang='lat' dir='ltr'>uirtute</span> <span class='ocrx_word' id='word_1_47' title='bbox 335 1201 469 1266; x_wconf 89' lang='lat' dir='ltr'>domitis.</span> <span class='ocrx_word' id='word_1_48' title='bbox 485 1201 582 1285; x_wconf 86' lang='lat' dir='ltr'>igitur</span> <span class='ocrx_word' id='word_1_49' title='bbox 596 1201 775 1266; x_wconf 77' lang='lat' dir='ltr'>insidiantes</span> <span class='ocrx_word' id='word_1_50' title='bbox 786 1201 869 1266; x_wconf 90' lang='lat' dir='ltr'>uitae</span> <span class='ocrx_word' id='word_1_51' title='bbox 883 1202 949 1266; x_wconf 91' lang='lat' dir='ltr'>eius</span> <span class='ocrx_word' id='word_1_52' title='bbox 962 1221 1018 1267; x_wconf 90' lang='lat' dir='ltr'>nec</span> <span class='ocrx_word' id='word_1_53' title='bbox 1030 1203 1133 1285; x_wconf 83' lang='lat' dir='ltr'>palam</span> <span class='ocrx_word' id='word_1_54' title='bbox 1143 1220 1215 1266; x_wconf 90' lang='lat' dir='ltr'>eum</span> <span class='ocrx_word' id='word_1_55' title='bbox 1229 1203 1329 1283; x_wconf 88' lang='lat' dir='ltr'>tamp-</span> 
     </span>
     <span class='ocr_line' id='line_1_8' title="bbox 204 1303 1330 1387; baseline 0 -19"><span class='ocrx_word' id='word_1_56' title='bbox 204 1305 269 1368; x_wconf 82' lang='lat' dir='ltr'>tare</span> <span class='ocrx_word' id='word_1_57' title='bbox 291 1303 434 1368; x_wconf 90' lang='lat' dir='ltr'>audentes</span> <span class='ocrx_word' id='word_1_58' title='bbox 457 1321 580 1368; x_wconf 82' lang='lat' dir='ltr'>uxorem</span> <span class='ocrx_word' id='word_1_59' title='bbox 602 1303 681 1381; x_wconf 89' lang='lat' dir='ltr'>eine,</span> <span class='ocrx_word' id='word_1_60' title='bbox 706 1323 797 1386; x_wconf 93' lang='lat' dir='ltr'>quam</span> <span class='ocrx_word' id='word_1_61' title='bbox 819 1304 873 1368; x_wconf 93' lang='lat' dir='ltr'>ille</span> <span class='ocrx_word' id='word_1_62' title='bbox 891 1307 997 1387; x_wconf 84' lang='lat' dir='ltr'>postea</span> <span class='ocrx_word' id='word_1_63' title='bbox 1016 1305 1185 1387; x_wconf 87' lang='lat' dir='ltr'>acceperat,</span> <span class='ocrx_word' id='word_1_64' title='bbox 1202 1304 1330 1386; x_wconf 89' lang='lat' dir='ltr'>pecunia</span> 
     </span>
     <span class='ocr_line' id='line_1_9' title="bbox 205 1405 1357 1488; baseline 0.001 -18"><span class='ocrx_word' id='word_1_65' title='bbox 205 1405 381 1487; x_wconf 87' lang='lat' dir='ltr'>corripiunt,</span> <span class='ocrx_word' id='word_1_66' title='bbox 397 1405 547 1471; x_wconf 87' lang='lat' dir='ltr'>uirtutem</span> <span class='ocrx_word' id='word_1_67' title='bbox 561 1406 621 1470; x_wconf 93' lang='lat' dir='ltr'>uiri</span> <span class='ocrx_word' id='word_1_68' title='bbox 637 1407 685 1470; x_wconf 91' lang='lat' dir='ltr'>uti</span> <span class='ocrx_word' id='word_1_69' title='bbox 698 1408 846 1488; x_wconf 89' lang='lat' dir='ltr'>proderet.</span> <span class='ocrx_word' id='word_1_70' title='bbox 868 1408 924 1472; x_wconf 90' lang='lat' dir='ltr'>illa</span> <span class='ocrx_word' id='word_1_71' title='bbox 944 1426 1016 1473; x_wconf 91' lang='lat' dir='ltr'>eum</span> <span class='ocrx_word' id='word_1_72' title='bbox 1036 1407 1244 1472; x_wconf 88' lang='lat' dir='ltr'>blandimento</span> <span class='ocrx_word' id='word_1_73' title='bbox 1259 1424 1357 1478; x_wconf 75' lang='lat' dir='ltr'>mua</span> 
     </span>
     <span class='ocr_line' id='line_1_10' title="bbox 204 1507 1330 1593; baseline -0.001 -20"><span class='ocrx_word' id='word_1_74' title='bbox 204 1507 293 1574; x_wconf 88' lang='lat' dir='ltr'>liebri</span> <span class='ocrx_word' id='word_1_75' title='bbox 318 1527 461 1593; x_wconf 84' lang='lat' dir='ltr'>aggressa</span> <span class='ocrx_word' id='word_1_76' title='bbox 486 1509 541 1573; x_wconf 92' lang='lat' dir='ltr'>diu</span> <span class='ocrx_word' id='word_1_77' title='bbox 560 1509 733 1574; x_wconf 84' lang='lat' dir='ltr'>eludentem</span> <span class='ocrx_word' id='word_1_78' title='bbox 753 1512 785 1574; x_wconf 93' lang='lat' dir='ltr'>et</span> <span class='ocrx_word' id='word_1_79' title='bbox 804 1511 906 1576; x_wconf 89' lang='lat' dir='ltr'>multa</span> <span class='ocrx_word' id='word_1_80' title='bbox 924 1511 1118 1575; x_wconf 81' lang='lat' dir='ltr'>eunetmtam</span> <span class='ocrx_word' id='word_1_81' title='bbox 1139 1509 1273 1592; x_wconf 80' lang='lat' dir='ltr'>perpulit</span> <span class='ocrx_word' id='word_1_82' title='bbox 1293 1509 1330 1572; x_wconf 89' lang='lat' dir='ltr'>ut</span> 
     </span>
    </p>

    <p class='ocr_par' dir='ltr' id='par_1_5' title="bbox 167 1611 1358 3748">
     <span class='ocr_line' id='line_1_11' title="bbox 167 1611 1357 1694; baseline 0.002 -19"><span class='ocrx_word' id='word_1_83' title='bbox 167 1611 365 1688; x_wconf 81' lang='lat' dir='ltr'>uindicaret,</span> <span class='ocrx_word' id='word_1_84' title='bbox 388 1611 421 1676; x_wconf 93' lang='lat' dir='ltr'>in</span> <span class='ocrx_word' id='word_1_85' title='bbox 441 1611 575 1676; x_wconf 84' lang='lat' dir='ltr'>crinibus</span> <span class='ocrx_word' id='word_1_86' title='bbox 595 1611 704 1694; x_wconf 90' lang='lat' dir='ltr'>eapitis</span> <span class='ocrx_word' id='word_1_87' title='bbox 719 1613 868 1677; x_wconf 88' lang='lat' dir='ltr'>uirtutem</span> <span class='ocrx_word' id='word_1_88' title='bbox 882 1632 971 1677; x_wconf 93' lang='lat' dir='ltr'>suam</span> <span class='ocrx_word' id='word_1_89' title='bbox 984 1612 1158 1676; x_wconf 89' lang='lat' dir='ltr'>subsistere.</span> <span class='ocrx_word' id='word_1_90' title='bbox 1173 1629 1244 1676; x_wconf 83' lang='lat' dir='ltr'>mox</span> <span class='ocrx_word' id='word_1_91' title='bbox 1258 1611 1357 1677; x_wconf 81' lang='lat' dir='ltr'>der-3</span> 
     </span>
     <span class='ocr_line' id='line_1_12' title="bbox 203 1713 1329 1797; baseline -0.003 -17"><span class='ocrx_word' id='word_1_92' title='bbox 203 1715 312 1780; x_wconf 90' lang='lat' dir='ltr'>mienti</span> <span class='ocrx_word' id='word_1_93' title='bbox 338 1714 483 1779; x_wconf 87' lang='lat' dir='ltr'>insidiata</span> <span class='ocrx_word' id='word_1_94' title='bbox 508 1714 623 1780; x_wconf 90' lang='lat' dir='ltr'>crinem</span> <span class='ocrx_word' id='word_1_95' title='bbox 649 1715 714 1780; x_wconf 90' lang='lat' dir='ltr'>eius</span> <span class='ocrx_word' id='word_1_96' title='bbox 735 1715 865 1780; x_wconf 89' lang='lat' dir='ltr'>abstulit</span> <span class='ocrx_word' id='word_1_97' title='bbox 884 1717 976 1797; x_wconf 90' lang='lat' dir='ltr'>atque</span> <span class='ocrx_word' id='word_1_98' title='bbox 995 1714 1041 1779; x_wconf 87' lang='lat' dir='ltr'>ita</span> <span class='ocrx_word' id='word_1_99' title='bbox 1061 1734 1133 1779; x_wconf 90' lang='lat' dir='ltr'>eum</span> <span class='ocrx_word' id='word_1_100' title='bbox 1153 1713 1329 1796; x_wconf 75' lang='lat' dir='ltr'>allophylis</span> 
     </span>
     <span class='ocr_line' id='line_1_13' title="bbox 202 1816 1328 1900; baseline -0.001 -19"><span class='ocrx_word' id='word_1_101' title='bbox 202 1816 345 1881; x_wconf 83' lang='lat' dir='ltr'>tradidit:</span> <span class='ocrx_word' id='word_1_102' title='bbox 369 1835 440 1882; x_wconf 92' lang='lat' dir='ltr'>nam</span> <span class='ocrx_word' id='word_1_103' title='bbox 461 1835 548 1899; x_wconf 85' lang='lat' dir='ltr'>saepe</span> <span class='ocrx_word' id='word_1_104' title='bbox 570 1817 655 1898; x_wconf 91' lang='lat' dir='ltr'>prius</span> <span class='ocrx_word' id='word_1_105' title='bbox 676 1817 828 1882; x_wconf 87' lang='lat' dir='ltr'>traditum</span> <span class='ocrx_word' id='word_1_106' title='bbox 849 1817 1099 1900; x_wconf 79' lang='lat' dir='ltr'>comprehendere</span> <span class='ocrx_word' id='word_1_107' title='bbox 1118 1817 1328 1899; x_wconf 80' lang='lat' dir='ltr'>aequiperant.</span> 
     </span>
     <span class='ocr_line' id='line_1_14' title="bbox 201 1917 1329 2002; baseline 0 -18"><span class='ocrx_word' id='word_1_108' title='bbox 201 1920 271 1984; x_wconf 87' lang='lat' dir='ltr'>tum</span> <span class='ocrx_word' id='word_1_109' title='bbox 292 1917 342 1983; x_wconf 94' lang='lat' dir='ltr'>illi</span> <span class='ocrx_word' id='word_1_110' title='bbox 363 1918 481 1984; x_wconf 86' lang='lat' dir='ltr'>effossis</span> <span class='ocrx_word' id='word_1_111' title='bbox 506 1919 602 1984; x_wconf 90' lang='lat' dir='ltr'>oculis</span> <span class='ocrx_word' id='word_1_112' title='bbox 627 1919 767 1984; x_wconf 90' lang='lat' dir='ltr'>uinctum</span> <span class='ocrx_word' id='word_1_113' title='bbox 788 1920 985 2002; x_wconf 91' lang='lat' dir='ltr'>compedibus</span> <span class='ocrx_word' id='word_1_114' title='bbox 1006 1919 1039 1984; x_wconf 92' lang='lat' dir='ltr'>in</span> <span class='ocrx_word' id='word_1_115' title='bbox 1059 1937 1208 1984; x_wconf 76' lang='lat' dir='ltr'>parcerem</span> <span class='ocrx_word' id='word_1_116' title='bbox 1228 1918 1329 1984; x_wconf 87' lang='lat' dir='ltr'>conie-</span> 
     </span>
     <span class='ocr_line' id='line_1_15' title="bbox 202 2021 1358 2103; baseline -0.002 -17"><span class='ocrx_word' id='word_1_117' title='bbox 202 2022 315 2086; x_wconf 85' lang='lat' dir='ltr'>cerunt.</span> <span class='ocrx_word' id='word_1_118' title='bbox 332 2021 385 2086; x_wconf 93' lang='lat' dir='ltr'>sed</span> <span class='ocrx_word' id='word_1_119' title='bbox 400 2021 499 2103; x_wconf 90' lang='lat' dir='ltr'>spatio</span> <span class='ocrx_word' id='word_1_120' title='bbox 514 2021 659 2103; x_wconf 89' lang='lat' dir='ltr'>temporis</span> <span class='ocrx_word' id='word_1_121' title='bbox 674 2022 790 2086; x_wconf 78' lang='lat' dir='ltr'>amisus</span> <span class='ocrx_word' id='word_1_122' title='bbox 801 2023 895 2087; x_wconf 89' lang='lat' dir='ltr'>crinis</span> <span class='ocrx_word' id='word_1_123' title='bbox 906 2041 1035 2086; x_wconf 90' lang='lat' dir='ltr'>creseere</span> <span class='ocrx_word' id='word_1_124' title='bbox 1049 2023 1081 2086; x_wconf 90' lang='lat' dir='ltr'>et</span> <span class='ocrx_word' id='word_1_125' title='bbox 1094 2041 1166 2086; x_wconf 89' lang='lat' dir='ltr'>cum</span> <span class='ocrx_word' id='word_1_126' title='bbox 1179 2039 1215 2086; x_wconf 90' lang='lat' dir='ltr'>eo</span> <span class='ocrx_word' id='word_1_127' title='bbox 1228 2021 1358 2086; x_wconf 84' lang='lat' dir='ltr'>uirtus4</span> 
     </span>
     <span class='ocr_line' id='line_1_16' title="bbox 168 2122 1330 2207; baseline 0 -19"><span class='ocrx_word' id='word_1_128' title='bbox 168 2137 193 2178; x_wconf 70' lang='lat'>¹⁵</span> <span class='ocrx_word' id='word_1_129' title='bbox 202 2123 300 2188; x_wconf 90' lang='lat' dir='ltr'>redire</span> <span class='ocrx_word' id='word_1_130' title='bbox 314 2124 476 2206; x_wconf 89' lang='lat' dir='ltr'>occeperat.</span> <span class='ocrx_word' id='word_1_131' title='bbox 507 2123 629 2206; x_wconf 89' lang='lat' dir='ltr'>iamque</span> <span class='ocrx_word' id='word_1_132' title='bbox 651 2122 778 2188; x_wconf 83' lang='lat' dir='ltr'>Samson</span> <span class='ocrx_word' id='word_1_133' title='bbox 800 2125 937 2189; x_wconf 89' lang='lat' dir='ltr'>conscius</span> <span class='ocrx_word' id='word_1_134' title='bbox 951 2125 1064 2207; x_wconf 75' lang='lat' dir='ltr'>recepti</span> <span class='ocrx_word' id='word_1_135' title='bbox 1078 2125 1194 2188; x_wconf 88' lang='lat' dir='ltr'>roboris</span> <span class='ocrx_word' id='word_1_136' title='bbox 1207 2126 1330 2206; x_wconf 91' lang='lat' dir='ltr'>tempus</span> 
     </span>
     <span class='ocr_line' id='line_1_17' title="bbox 203 2225 1329 2310; baseline 0.002 -20"><span class='ocrx_word' id='word_1_137' title='bbox 203 2227 293 2290; x_wconf 91' lang='lat' dir='ltr'>medo</span> <span class='ocrx_word' id='word_1_138' title='bbox 307 2226 407 2292; x_wconf 87' lang='lat' dir='ltr'>iustae</span> <span class='ocrx_word' id='word_1_139' title='bbox 421 2225 547 2291; x_wconf 89' lang='lat' dir='ltr'>ultionis</span> <span class='ocrx_word' id='word_1_140' title='bbox 562 2226 782 2308; x_wconf 85' lang='lat' dir='ltr'>opperiebatur.</span> <span class='ocrx_word' id='word_1_141' title='bbox 798 2226 1046 2310; x_wconf 81' lang='lat' dir='ltr'>eratAllophylie</span> <span class='ocrx_word' id='word_1_142' title='bbox 1059 2228 1163 2305; x_wconf 89' lang='lat' dir='ltr'>moris,</span> <span class='ocrx_word' id='word_1_143' title='bbox 1179 2247 1250 2292; x_wconf 90' lang='lat' dir='ltr'>eum</span> <span class='ocrx_word' id='word_1_144' title='bbox 1264 2228 1329 2292; x_wconf 89' lang='lat' dir='ltr'>dies</span> 
     </span>
     <span class='ocr_line' id='line_1_18' title="bbox 202 2327 1357 2414; baseline 0.002 -22"><span class='ocrx_word' id='word_1_145' title='bbox 202 2328 296 2394; x_wconf 86' lang='lat' dir='ltr'>festos</span> <span class='ocrx_word' id='word_1_146' title='bbox 310 2331 443 2414; x_wconf 83' lang='lat' dir='ltr'>agerent,</span> <span class='ocrx_word' id='word_1_147' title='bbox 456 2327 583 2394; x_wconf 84' lang='lat' dir='ltr'>Samson</span> <span class='ocrx_word' id='word_1_148' title='bbox 594 2329 682 2412; x_wconf 89' lang='lat' dir='ltr'>quasi</span> <span class='ocrx_word' id='word_1_149' title='bbox 693 2329 726 2394; x_wconf 93' lang='lat' dir='ltr'>in</span> <span class='ocrx_word' id='word_1_150' title='bbox 736 2347 880 2412; x_wconf 88' lang='lat' dir='ltr'>pompam</span> <span class='ocrx_word' id='word_1_151' title='bbox 891 2329 1046 2412; x_wconf 83' lang='lat' dir='ltr'>publicam</span> <span class='ocrx_word' id='word_1_152' title='bbox 1058 2328 1229 2411; x_wconf 89' lang='lat' dir='ltr'>producere,</span> <span class='ocrx_word' id='word_1_153' title='bbox 1242 2331 1357 2411; x_wconf 68' lang='lat' dir='ltr'>captos</span> 
     </span>
     <span class='ocr_line' id='line_1_19' title="bbox 203 2431 1329 2514; baseline 0 -18"><span class='ocrx_word' id='word_1_154' title='bbox 203 2431 393 2496; x_wconf 88' lang='lat' dir='ltr'>insultantes.</span> <span class='ocrx_word' id='word_1_155' title='bbox 406 2431 452 2497; x_wconf 91' lang='lat' dir='ltr'>ita</span> <span class='ocrx_word' id='word_1_156' title='bbox 462 2431 511 2496; x_wconf 94' lang='lat' dir='ltr'>die</span> <span class='ocrx_word' id='word_1_157' title='bbox 522 2431 663 2513; x_wconf 85' lang='lat' dir='ltr'>quodam,</span> <span class='ocrx_word' id='word_1_158' title='bbox 673 2450 743 2496; x_wconf 93' lang='lat' dir='ltr'>cum</span> <span class='ocrx_word' id='word_1_159' title='bbox 754 2432 914 2514; x_wconf 89' lang='lat' dir='ltr'>publicum</span> <span class='ocrx_word' id='word_1_160' title='bbox 923 2433 1048 2514; x_wconf 84' lang='lat' dir='ltr'>eprdpm</span> <span class='ocrx_word' id='word_1_161' title='bbox 1058 2433 1091 2497; x_wconf 94' lang='lat' dir='ltr'>in</span> <span class='ocrx_word' id='word_1_162' title='bbox 1099 2432 1243 2496; x_wconf 88' lang='lat' dir='ltr'>honorem</span> <span class='ocrx_word' id='word_1_163' title='bbox 1253 2431 1329 2496; x_wconf 88' lang='lat' dir='ltr'>idoli</span> 
     </span>
     <span class='ocr_line' id='line_1_20' title="bbox 203 2533 1329 2618; baseline 0.002 -20"><span class='ocrx_word' id='word_1_164' title='bbox 203 2533 366 2612; x_wconf 84' lang='lat' dir='ltr'>dedissent,</span> <span class='ocrx_word' id='word_1_165' title='bbox 383 2533 509 2600; x_wconf 86' lang='lat' dir='ltr'>Samson</span> <span class='ocrx_word' id='word_1_166' title='bbox 524 2534 659 2602; x_wconf 74' lang='lat' dir='ltr'>exhiberi</span> <span class='ocrx_word' id='word_1_167' title='bbox 673 2534 789 2600; x_wconf 92' lang='lat' dir='ltr'>iubent.</span> <span class='ocrx_word' id='word_1_168' title='bbox 814 2535 966 2618; x_wconf 91' lang='lat' dir='ltr'>templum</span> <span class='ocrx_word' id='word_1_169' title='bbox 981 2537 1094 2614; x_wconf 88' lang='lat' dir='ltr'>autem,</span> <span class='ocrx_word' id='word_1_170' title='bbox 1109 2535 1142 2599; x_wconf 92' lang='lat' dir='ltr'>in</span> <span class='ocrx_word' id='word_1_171' title='bbox 1157 2551 1216 2617; x_wconf 93' lang='lat' dir='ltr'>quo</span> <span class='ocrx_word' id='word_1_172' title='bbox 1230 2535 1329 2600; x_wconf 91' lang='lat' dir='ltr'>omnis</span> 
     </span>
     <span class='ocr_line' id='line_1_21' title="bbox 168 2637 1329 2722; baseline 0.002 -22"><span class='ocrx_word' id='word_1_173' title='bbox 168 2637 333 2719; x_wconf 78' lang='lat' dir='ltr'>apopulus</span> <span class='ocrx_word' id='word_1_174' title='bbox 356 2654 518 2719; x_wconf 90' lang='lat' dir='ltr'>omnesque</span> <span class='ocrx_word' id='word_1_175' title='bbox 539 2637 775 2722; x_wconf 85' lang='lat' dir='ltr'>Allophylomm</span> <span class='ocrx_word' id='word_1_176' title='bbox 797 2639 947 2721; x_wconf 88' lang='lat' dir='ltr'>principes</span> <span class='ocrx_word' id='word_1_177' title='bbox 969 2638 1184 2721; x_wconf 88' lang='lat' dir='ltr'>epulabantur,</span> <span class='ocrx_word' id='word_1_178' title='bbox 1211 2638 1329 2703; x_wconf 89' lang='lat' dir='ltr'>duabus</span> 
     </span>
     <span class='ocr_line' id='line_1_22' title="bbox 203 2738 1358 2824; baseline 0.003 -20"><span class='ocrx_word' id='word_1_179' title='bbox 203 2738 367 2804; x_wconf 80' lang='lat' dir='ltr'>subnixum</span> <span class='ocrx_word' id='word_1_180' title='bbox 387 2738 537 2804; x_wconf 87' lang='lat' dir='ltr'>columnis</span> <span class='ocrx_word' id='word_1_181' title='bbox 557 2740 653 2804; x_wconf 88' lang='lat' dir='ltr'>mirae</span> <span class='ocrx_word' id='word_1_182' title='bbox 674 2739 897 2824; x_wconf 85' lang='lat' dir='ltr'>magnitudinis</span> <span class='ocrx_word' id='word_1_183' title='bbox 916 2743 996 2806; x_wconf 90' lang='lat' dir='ltr'>erat:</span> <span class='ocrx_word' id='word_1_184' title='bbox 1016 2742 1181 2824; x_wconf 89' lang='lat' dir='ltr'>productus</span> <span class='ocrx_word' id='word_1_185' title='bbox 1202 2741 1358 2809; x_wconf 89' lang='lat' dir='ltr'>Samsonc</span> 
     </span>
     <span class='ocr_line' id='line_1_23' title="bbox 204 2841 1330 2926; baseline 0.001 -19"><span class='ocrx_word' id='word_1_186' title='bbox 204 2841 284 2907; x_wconf 89' lang='lat' dir='ltr'>inter</span> <span class='ocrx_word' id='word_1_187' title='bbox 298 2841 454 2907; x_wconf 89' lang='lat' dir='ltr'>columnas</span> <span class='ocrx_word' id='word_1_188' title='bbox 469 2841 624 2907; x_wconf 87' lang='lat' dir='ltr'>statuitur.</span> <span class='ocrx_word' id='word_1_189' title='bbox 641 2844 710 2908; x_wconf 91' lang='lat' dir='ltr'>tum</span> <span class='ocrx_word' id='word_1_190' title='bbox 724 2843 778 2908; x_wconf 93' lang='lat' dir='ltr'>ille</span> <span class='ocrx_word' id='word_1_191' title='bbox 792 2845 929 2925; x_wconf 86' lang='lat' dir='ltr'>tempore</span> <span class='ocrx_word' id='word_1_192' title='bbox 942 2845 1070 2926; x_wconf 86' lang='lat' dir='ltr'>arrepto,</span> <span class='ocrx_word' id='word_1_193' title='bbox 1091 2845 1230 2910; x_wconf 90' lang='lat' dir='ltr'>inuocato</span> <span class='ocrx_word' id='word_1_194' title='bbox 1244 2845 1330 2926; x_wconf 87' lang='lat' dir='ltr'>prius</span> 
     </span>
     <span class='ocr_line' id='line_1_24' title="bbox 204 2943 1329 3028; baseline 0.003 -21"><span class='ocrx_word' id='word_1_195' title='bbox 204 2943 350 3020; x_wconf 88' lang='lat' dir='ltr'>Domino,</span> <span class='ocrx_word' id='word_1_196' title='bbox 372 2944 528 3010; x_wconf 89' lang='lat' dir='ltr'>columnae</span> <span class='ocrx_word' id='word_1_197' title='bbox 542 2945 678 3011; x_wconf 89' lang='lat' dir='ltr'>disiecit:</span> <span class='ocrx_word' id='word_1_198' title='bbox 699 2945 850 3028; x_wconf 89' lang='lat' dir='ltr'>turbaque</span> <span class='ocrx_word' id='word_1_199' title='bbox 870 2947 970 3012; x_wconf 88' lang='lat' dir='ltr'>omnis</span> <span class='ocrx_word' id='word_1_200' title='bbox 985 2947 1074 3011; x_wconf 88' lang='lat' dir='ltr'>mina</span> <span class='ocrx_word' id='word_1_201' title='bbox 1088 2948 1197 3012; x_wconf 90' lang='lat' dir='ltr'>demus</span> <span class='ocrx_word' id='word_1_202' title='bbox 1211 2946 1329 3024; x_wconf 84' lang='lat' dir='ltr'>obruta,</span> 
     </span>
     <span class='ocr_line' id='line_1_25' title="bbox 203 3047 1330 3128; baseline 0.002 -18"><span class='ocrx_word' id='word_1_203' title='bbox 203 3047 268 3128; x_wconf 88' lang='lat' dir='ltr'>ipse</span> <span class='ocrx_word' id='word_1_204' title='bbox 288 3066 359 3112; x_wconf 93' lang='lat' dir='ltr'>cum</span> <span class='ocrx_word' id='word_1_205' title='bbox 378 3047 518 3112; x_wconf 90' lang='lat' dir='ltr'>hostibus</span> <span class='ocrx_word' id='word_1_206' title='bbox 537 3067 597 3113; x_wconf 90' lang='lat' dir='ltr'>nen</span> <span class='ocrx_word' id='word_1_207' title='bbox 617 3048 735 3113; x_wconf 91' lang='lat' dir='ltr'>inultus</span> <span class='ocrx_word' id='word_1_208' title='bbox 755 3049 907 3127; x_wconf 87' lang='lat' dir='ltr'>occubuit,</span> <span class='ocrx_word' id='word_1_209' title='bbox 931 3067 1002 3113; x_wconf 89' lang='lat' dir='ltr'>eum</span> <span class='ocrx_word' id='word_1_210' title='bbox 1017 3067 1066 3114; x_wconf 85' lang='lat' dir='ltr'>xx</span> <span class='ocrx_word' id='word_1_211' title='bbox 1081 3049 1168 3114; x_wconf 92' lang='lat' dir='ltr'>annis</span> <span class='ocrx_word' id='word_1_212' title='bbox 1182 3048 1330 3114; x_wconf 83' lang='lat' dir='ltr'>Hebraeis</span> 
     </span>
     <span class='ocr_line' id='line_1_26' title="bbox 169 3149 1357 3234; baseline 0.007 -22"><span class='ocrx_word' id='word_1_213' title='bbox 169 3169 195 3212; x_wconf 80' lang='lat' dir='ltr'>a</span> <span class='ocrx_word' id='word_1_214' title='bbox 203 3149 393 3231; x_wconf 79' lang='lat' dir='ltr'>praefuisset.</span> <span class='ocrx_word' id='word_1_215' title='bbox 408 3149 481 3214; x_wconf 88' lang='lat' dir='ltr'>huic</span> <span class='ocrx_word' id='word_1_216' title='bbox 495 3149 679 3216; x_wconf 88' lang='lat' dir='ltr'>Simmicbar</span> <span class='ocrx_word' id='word_1_217' title='bbox 693 3152 847 3228; x_wconf 87' lang='lat' dir='ltr'>successit,</span> <span class='ocrx_word' id='word_1_218' title='bbox 866 3151 904 3215; x_wconf 92' lang='lat' dir='ltr'>de</span> <span class='ocrx_word' id='word_1_219' title='bbox 918 3168 977 3234; x_wconf 92' lang='lat' dir='ltr'>quo</span> <span class='ocrx_word' id='word_1_220' title='bbox 991 3152 1072 3216; x_wconf 92' lang='lat' dir='ltr'>nibil</span> <span class='ocrx_word' id='word_1_221' title='bbox 1085 3151 1218 3233; x_wconf 89' lang='lat' dir='ltr'>amplius</span> <span class='ocrx_word' id='word_1_222' title='bbox 1232 3151 1357 3234; x_wconf 77' lang='lat' dir='ltr'>scrip-r</span> 
     </span>
     <span class='ocr_line' id='line_1_27' title="bbox 204 3251 1329 3337; baseline 0.003 -21"><span class='ocrx_word' id='word_1_223' title='bbox 204 3253 274 3316; x_wconf 82' lang='lat' dir='ltr'>lrrra</span> <span class='ocrx_word' id='word_1_224' title='bbox 287 3251 431 3333; x_wconf 90' lang='lat' dir='ltr'>prodidit.</span> <span class='ocrx_word' id='word_1_225' title='bbox 452 3271 524 3316; x_wconf 94' lang='lat' dir='ltr'>nam</span> <span class='ocrx_word' id='word_1_226' title='bbox 543 3271 639 3335; x_wconf 91' lang='lat' dir='ltr'>neque</span> <span class='ocrx_word' id='word_1_227' title='bbox 659 3253 751 3318; x_wconf 85' lang='lat' dir='ltr'>tinem</span> <span class='ocrx_word' id='word_1_228' title='bbox 771 3253 894 3336; x_wconf 91' lang='lat' dir='ltr'>imperii</span> <span class='ocrx_word' id='word_1_229' title='bbox 909 3255 974 3318; x_wconf 90' lang='lat' dir='ltr'>eius</span> <span class='ocrx_word' id='word_1_230' title='bbox 988 3255 1152 3337; x_wconf 89' lang='lat' dir='ltr'>repperiet</span> <span class='ocrx_word' id='word_1_231' title='bbox 1166 3253 1261 3318; x_wconf 89' lang='lat' dir='ltr'>fuisse</span> <span class='ocrx_word' id='word_1_232' title='bbox 1274 3271 1329 3336; x_wconf 90' lang='lat' dir='ltr'>po·</span> 
     </span>
     <span class='ocr_line' id='line_1_28' title="bbox 203 3353 1329 3436; baseline 0.003 -19"><span class='ocrx_word' id='word_1_233' title='bbox 203 3354 313 3436; x_wconf 92' lang='lat' dir='ltr'>pulum</span> <span class='ocrx_word' id='word_1_234' title='bbox 334 3353 399 3418; x_wconf 86' lang='lat' dir='ltr'>sina</span> <span class='ocrx_word' id='word_1_235' title='bbox 420 3354 496 3418; x_wconf 90' lang='lat' dir='ltr'>duce</span> <span class='ocrx_word' id='word_1_236' title='bbox 516 3355 647 3420; x_wconf 90' lang='lat' dir='ltr'>inuenio.</span> <span class='ocrx_word' id='word_1_237' title='bbox 677 3355 760 3435; x_wconf 89' lang='lat' dir='ltr'>ideo,</span> <span class='ocrx_word' id='word_1_238' title='bbox 784 3375 855 3420; x_wconf 91' lang='lat' dir='ltr'>eum</span> <span class='ocrx_word' id='word_1_239' title='bbox 876 3356 1022 3422; x_wconf 88' lang='lat' dir='ltr'>aduersus</span> <span class='ocrx_word' id='word_1_240' title='bbox 1036 3357 1198 3422; x_wconf 91' lang='lat' dir='ltr'>Beniamin</span> <span class='ocrx_word' id='word_1_241' title='bbox 1211 3357 1329 3421; x_wconf 81' lang='lat' dir='ltr'>bibam</span> 
     </span>
     <span class='ocr_line' id='line_1_29' title="bbox 204 3455 1330 3542; baseline 0.001 -21"><span class='ocrx_word' id='word_1_242' title='bbox 204 3455 295 3522; x_wconf 89' lang='lat' dir='ltr'>ciuile</span> <span class='ocrx_word' id='word_1_243' title='bbox 309 3456 426 3521; x_wconf 90' lang='lat' dir='ltr'>bellum</span> <span class='ocrx_word' id='word_1_244' title='bbox 440 3455 510 3535; x_wconf 90' lang='lat' dir='ltr'>fuit,</span> <span class='ocrx_word' id='word_1_245' title='bbox 527 3458 618 3522; x_wconf 84' lang='lat' dir='ltr'>Indae</span> <span class='ocrx_word' id='word_1_246' title='bbox 632 3458 834 3540; x_wconf 87' lang='lat' dir='ltr'>temporarius</span> <span class='ocrx_word' id='word_1_247' title='bbox 848 3459 911 3524; x_wconf 85' lang='lat' dir='ltr'>dux</span> <span class='ocrx_word' id='word_1_248' title='bbox 924 3459 999 3524; x_wconf 88' lang='lat' dir='ltr'>belli</span> <span class='ocrx_word' id='word_1_249' title='bbox 1013 3461 1189 3542; x_wconf 86' lang='lat' dir='ltr'>assumptus</span> <span class='ocrx_word' id='word_1_250' title='bbox 1202 3460 1258 3524; x_wconf 91' lang='lat' dir='ltr'>est.</span> <span class='ocrx_word' id='word_1_251' title='bbox 1276 3459 1330 3523; x_wconf 88' lang='lat' dir='ltr'>sed</span> 
     </span>
     <span class='ocr_line' id='line_1_30' title="bbox 204 3559 1329 3644; baseline 0.004 -22"><span class='ocrx_word' id='word_1_252' title='bbox 204 3559 354 3641; x_wconf 91' lang='lat' dir='ltr'>plerique,</span> <span class='ocrx_word' id='word_1_253' title='bbox 376 3559 429 3640; x_wconf 95' lang='lat' dir='ltr'>qui</span> <span class='ocrx_word' id='word_1_254' title='bbox 449 3559 487 3624; x_wconf 90' lang='lat' dir='ltr'>da</span> <span class='ocrx_word' id='word_1_255' title='bbox 507 3560 693 3642; x_wconf 87' lang='lat' dir='ltr'>temporibus</span> <span class='ocrx_word' id='word_1_256' title='bbox 715 3561 913 3644; x_wconf 86' lang='lat' dir='ltr'>scripsenmt,</span> <span class='ocrx_word' id='word_1_257' title='bbox 934 3581 1070 3627; x_wconf 91' lang='lat' dir='ltr'>annuum</span> <span class='ocrx_word' id='word_1_258' title='bbox 1084 3562 1249 3644; x_wconf 90' lang='lat' dir='ltr'>imperium</span> <span class='ocrx_word' id='word_1_259' title='bbox 1263 3562 1329 3627; x_wconf 89' lang='lat' dir='ltr'>ciue</span> 
     </span>
     <span class='ocr_line' id='line_1_31' title="bbox 168 3661 1329 3748; baseline 0.003 -22"><span class='ocrx_word' id='word_1_260' title='bbox 168 3662 439 3726; x_wconf 84' lang='lat' dir='ltr'>aeannetauerunt:</span> <span class='ocrx_word' id='word_1_261' title='bbox 468 3661 604 3746; x_wconf 91' lang='lat' dir='ltr'>plerique</span> <span class='ocrx_word' id='word_1_262' title='bbox 628 3663 674 3729; x_wconf 89' lang='lat' dir='ltr'>ita</span> <span class='ocrx_word' id='word_1_263' title='bbox 698 3683 770 3729; x_wconf 91' lang='lat' dir='ltr'>eum</span> <span class='ocrx_word' id='word_1_264' title='bbox 797 3665 1026 3747; x_wconf 89' lang='lat' dir='ltr'>praeterierunt,</span> <span class='ocrx_word' id='word_1_265' title='bbox 1053 3666 1089 3729; x_wconf 93' lang='lat' dir='ltr'>ut</span> <span class='ocrx_word' id='word_1_266' title='bbox 1112 3666 1181 3748; x_wconf 90' lang='lat' dir='ltr'>post</span> <span class='ocrx_word' id='word_1_267' title='bbox 1202 3664 1329 3730; x_wconf 90' lang='lat' dir='ltr'>Samson</span> 
     </span>
    </p>
   </div>
   <div class='ocr_carea' id='block_1_4' title="bbox 307 3830 470 3887">
    <p class='ocr_par' dir='ltr' id='par_1_6' title="bbox 307 3830 470 3887">
     <span class='ocr_line' id='line_1_32' title="bbox 307 3830 470 3887; baseline 0 0"><span class='ocrx_word' id='word_1_268' title='bbox 307 3831 325 3887; x_wconf 84' lang='lat'>6</span> <span class='ocrx_word' id='word_1_269' title='bbox 343 3830 404 3886; x_wconf 87' lang='lat' dir='ltr'>Jud.</span> <span class='ocrx_word' id='word_1_270' title='bbox 425 3831 470 3887; x_wconf 88' lang='grc'>16.</span> 
     </span>
    </p>
   </div>
   <div class='ocr_carea' id='block_1_5' title="bbox 203 3983 1330 4572">
    <p class='ocr_par' dir='ltr' id='par_1_7' title="bbox 203 3983 1330 4572">
     <span class='ocr_line' id='line_1_33' title="bbox 255 3983 1330 4058; baseline -0.002 -16"><span class='ocrx_word' id='word_1_271' title='bbox 255 3983 426 4042; x_wconf 87' lang='lat' dir='ltr'>3Demineb</span> <span class='ocrx_word' id='word_1_272' title='bbox 484 3985 618 4055; x_wconf 85' lang='lat' dir='ltr'>Steptare</span> <span class='ocrx_word' id='word_1_273' title='bbox 636 3989 664 4042; x_wconf 92' lang='lat' dir='ltr'><em>P</em></span> <span class='ocrx_word' id='word_1_274' title='bbox 713 3987 893 4057; x_wconf 85' lang='lat' dir='ltr'>Seorripinnt</span> <span class='ocrx_word' id='word_1_275' title='bbox 909 3988 1162 4058; x_wconf 77' lang='lat' dir='ltr'>Pseonnmpnntb</span> <span class='ocrx_word' id='word_1_276' title='bbox 1212 3985 1330 4043; x_wconf 79' lang='lat' dir='ltr'>Smulta</span> 
     </span>
     <span class='ocr_line' id='line_1_34' title="bbox 205 4071 1319 4143; baseline -0.001 -17"><span class='ocrx_word' id='word_1_277' title='bbox 205 4073 245 4126; x_wconf 89' lang='lat' dir='ltr'>P:</span> <span class='ocrx_word' id='word_1_278' title='bbox 264 4071 406 4126; x_wconf 86' lang='lat' dir='ltr'>multumb</span> <span class='ocrx_word' id='word_1_279' title='bbox 459 4071 635 4141; x_wconf 83' lang='lat' dir='ltr'>lOcaptisP</span> <span class='ocrx_word' id='word_1_280' title='bbox 686 4073 723 4130; x_wconf 85' lang='lat'>14</span> <span class='ocrx_word' id='word_1_281' title='bbox 741 4074 895 4129; x_wconf 85' lang='lat' dir='ltr'>aecieoan</span> <span class='ocrx_word' id='word_1_282' title='bbox 917 4077 930 4143; x_wconf 76' lang='grc'>11</span> <span class='ocrx_word' id='word_1_283' title='bbox 952 4089 1060 4129; x_wconf 87' lang='lat' dir='ltr'>cumae</span> <span class='ocrx_word' id='word_1_284' title='bbox 1081 4074 1121 4127; x_wconf 90' lang='lat' dir='ltr'>P:</span> <span class='ocrx_word' id='word_1_285' title='bbox 1134 4088 1194 4127; x_wconf 91' lang='lat' dir='ltr'>cum</span> <span class='ocrx_word' id='word_1_286' title='bbox 1210 4071 1282 4126; x_wconf 88' lang='lat' dir='ltr'>eisb</span> <span class='ocrx_word' id='word_1_287' title='bbox 1306 4075 1319 4141; x_wconf 80' lang='grc' dir='ltr'>ΙΙ</span> 
     </span>
     <span class='ocr_line' id='line_1_35' title="bbox 203 4157 1330 4229; baseline 0.001 -19"><span class='ocrx_word' id='word_1_288' title='bbox 203 4158 383 4226; x_wconf 87' lang='lat' dir='ltr'>occoeperatb</span> <span class='ocrx_word' id='word_1_289' title='bbox 436 4157 473 4214; x_wconf 90' lang='grc'>18</span> <span class='ocrx_word' id='word_1_290' title='bbox 485 4157 606 4212; x_wconf 80' lang='lat' dir='ltr'>idelirP</span> <span class='ocrx_word' id='word_1_291' title='bbox 652 4158 688 4216; x_wconf 87' lang='grc'>19</span> <span class='ocrx_word' id='word_1_292' title='bbox 702 4159 867 4229; x_wconf 85' lang='lat' dir='ltr'>erhyberiP</span> <span class='ocrx_word' id='word_1_293' title='bbox 917 4160 954 4216; x_wconf 75' lang='grc'>21</span> <span class='ocrx_word' id='word_1_294' title='bbox 968 4159 1075 4213; x_wconf 88' lang='lat' dir='ltr'>mireP</span> <span class='ocrx_word' id='word_1_295' title='bbox 1120 4157 1330 4218; x_wconf 71' lang='lat' dir='ltr'>assimulatur</span> 
     </span>
     <span class='ocr_line' id='line_1_36' title="bbox 205 4242 1328 4314; baseline -0.002 -16"><span class='ocrx_word' id='word_1_296' title='bbox 205 4242 261 4311; x_wconf 84' lang='lat' dir='ltr'>Pb,</span> <span class='ocrx_word' id='word_1_297' title='bbox 280 4244 433 4311; x_wconf 76' lang='lat' dir='ltr'>atiafrac.</span> <span class='ocrx_word' id='word_1_298' title='bbox 446 4245 493 4308; x_wconf 76' lang='lat'>29,</span> <span class='ocrx_word' id='word_1_299' title='bbox 508 4247 525 4298; x_wconf 84' lang='lat'><em>7</em></span> <span class='ocrx_word' id='word_1_300' title='bbox 540 4242 661 4313; x_wconf 76' lang='lat' dir='ltr'>Semigar</span> <span class='ocrx_word' id='word_1_301' title='bbox 713 4244 751 4301; x_wconf 78' lang='lat'>26</span> <span class='ocrx_word' id='word_1_302' title='bbox 769 4245 882 4314; x_wconf 82' lang='lat' dir='ltr'>reperit</span> <span class='ocrx_word' id='word_1_303' title='bbox 942 4245 981 4302; x_wconf 76' lang='grc'>27</span> <span class='ocrx_word' id='word_1_304' title='bbox 999 4244 1099 4298; x_wconf 86' lang='lat' dir='ltr'>ideob:</span> <span class='ocrx_word' id='word_1_305' title='bbox 1118 4243 1223 4298; x_wconf 89' lang='lat' dir='ltr'>adeeP</span> <span class='ocrx_word' id='word_1_306' title='bbox 1242 4245 1255 4311; x_wconf 75' lang='grc'>11</span> <span class='ocrx_word' id='word_1_307' title='bbox 1277 4243 1328 4296; x_wconf 91' lang='lat' dir='ltr'>tri·</span> 
     </span>
     <span class='ocr_line' id='line_1_37' title="bbox 205 4328 1330 4401; baseline 0.002 -19"><span class='ocrx_word' id='word_1_308' title='bbox 205 4329 286 4383; x_wconf 87' lang='lat' dir='ltr'>buum</span> <span class='ocrx_word' id='word_1_309' title='bbox 309 4328 344 4384; x_wconf 83' lang='lat' dir='ltr'>dc</span> <span class='ocrx_word' id='word_1_310' title='bbox 366 4329 455 4385; x_wconf 85' lang='lat' dir='ltr'>Prata</span> <span class='ocrx_word' id='word_1_311' title='bbox 506 4328 545 4386; x_wconf 74' lang='lat'>29</span> <span class='ocrx_word' id='word_1_312' title='bbox 564 4330 694 4400; x_wconf 89' lang='lat' dir='ltr'>plerique]</span> <span class='ocrx_word' id='word_1_313' title='bbox 714 4332 795 4386; x_wconf 81' lang='lat' dir='ltr'>inuno</span> <span class='ocrx_word' id='word_1_314' title='bbox 813 4332 892 4401; x_wconf 87' lang='lat' dir='ltr'>pauci</span> <span class='ocrx_word' id='word_1_315' title='bbox 912 4331 970 4400; x_wconf 78' lang='lat' dir='ltr'>(uel</span> <span class='ocrx_word' id='word_1_316' title='bbox 989 4330 1086 4400; x_wconf 90' lang='lat' dir='ltr'>aliqui)</span> <span class='ocrx_word' id='word_1_317' title='bbox 1091 4351 1102 4399; x_wconf 90' lang='lat'><em>;</em></span> <span class='ocrx_word' id='word_1_318' title='bbox 1123 4329 1237 4386; x_wconf 62' lang='lat' dir='ltr'>uidam</span> <span class='ocrx_word' id='word_1_319' title='bbox 1257 4331 1330 4384; x_wconf 69' lang='lat' dir='ltr'>eain</span> 
     </span>
     <span class='ocr_line' id='line_1_38' title="bbox 205 4413 1328 4486; baseline 0.001 -19"><span class='ocrx_word' id='word_1_320' title='bbox 205 4413 336 4469; x_wconf 65' lang='lat' dir='ltr'>librarius</span> <span class='ocrx_word' id='word_1_321' title='bbox 347 4429 461 4483; x_wconf 73' lang='lat' dir='ltr'>aequm</span> <span class='ocrx_word' id='word_1_322' title='bbox 472 4413 591 4484; x_wconf 89' lang='lat' dir='ltr'>plerique</span> <span class='ocrx_word' id='word_1_323' title='bbox 602 4415 706 4470; x_wconf 82' lang='lat' dir='ltr'>calamo</span> <span class='ocrx_word' id='word_1_324' title='bbox 715 4419 886 4485; x_wconf 80' lang='lat' dir='ltr'>praecepisse</span> <span class='ocrx_word' id='word_1_325' title='bbox 901 4419 914 4485; x_wconf 82' lang='grc'>11</span> <span class='ocrx_word' id='word_1_326' title='bbox 931 4432 1047 4470; x_wconf 87' lang='lat' dir='ltr'>annuum</span> <span class='ocrx_word' id='word_1_327' title='bbox 1060 4416 1200 4486; x_wconf 85' lang='lat' dir='ltr'>imperium</span> <span class='ocrx_word' id='word_1_328' title='bbox 1216 4416 1328 4484; x_wconf 65' lang='lat' dir='ltr'>scripsi:</span> 
     </span>
     <span class='ocr_line' id='line_1_39' title="bbox 206 4500 941 4572; baseline 0.005 -20"><span class='ocrx_word' id='word_1_329' title='bbox 206 4505 331 4554; x_wconf 79' lang='lat' dir='ltr'>anniani</span> <span class='ocrx_word' id='word_1_330' title='bbox 348 4500 462 4570; x_wconf 81' lang='lat' dir='ltr'>imperii</span> <span class='ocrx_word' id='word_1_331' title='bbox 480 4502 518 4565; x_wconf 90' lang='grc' dir='ltr'>Ρ,</span> <span class='ocrx_word' id='word_1_332' title='bbox 538 4517 635 4556; x_wconf 85' lang='lat' dir='ltr'>annum</span> <span class='ocrx_word' id='word_1_333' title='bbox 653 4517 734 4556; x_wconf 90' lang='lat' dir='ltr'>unum</span> <span class='ocrx_word' id='word_1_334' title='bbox 752 4503 864 4572; x_wconf 84' lang='lat' dir='ltr'>imperio</span> <span class='ocrx_word' id='word_1_335' title='bbox 881 4502 941 4557; x_wconf 82' lang='lat' dir='ltr'>cdd.</span> 
     </span>
    </p>
   </div>
   <div class='ocr_carea' id='block_1_6' title="bbox 0 0 1661 5142">
    <p class='ocr_par' dir='ltr' id='par_1_8' title="bbox 0 0 1661 5142">
     <span class='ocr_line' id='line_1_40' title="bbox 0 0 1661 5142; baseline 0 0"><span class='ocrx_word' id='word_1_336' title='bbox 0 0 1661 5142; x_wconf 95' lang='lat' dir='ltr'> </span> 
     </span>
    </p>
   </div>
  </div>
 </body>
</html>
