3300 5142
316 520 377 582 121
730 516 870 570 Firmiei
886 516 1031 570 Materni

312 793 464 858 tationem
478 792 595 877 ingenii
611 792 811 857 simulacrum
827 793 882 857 aut
898 793 1029 875 sculpsit
1043 794 1099 857 aut
1114 792 1211 871 fudit,
1245 792 1351 857 diuina
1375 812 1444 857 ma-

311 897 418 961 ledieti
441 895 706 961 animaduersione
726 895 915 976 percutitur,
950 895 1025 977 quid
1040 914 1162 977 sperare
1177 895 1289 961 debeat
1304 895 1445 961 conside-

283 1000 443 1064 4randum
458 1000 506 1063 est
521 998 574 1080 qui
588 998 671 1080 quod
685 998 765 1063 alter
778 998 922 1063 uendidit
937 998 1031 1065 deum
1046 998 1132 1064 dicit.
1156 998 1331 1064 Hieremias
1347 999 1446 1065 etiam

312 1124 383 1169 eum
398 1103 560 1186 praecepta
569 1103 635 1167 Deo
646 1102 771 1167 iubente
785 1102 869 1184 plebi
885 1102 974 1168 daret
987 1103 1044 1167 hac
1058 1102 1207 1184 populum
1222 1103 1360 1167 orations
1371 1119 1446 1167 con·
1469 1135 1482 1173 s

311 1207 412 1272 uenit:
435 1198 571 1272 ‘dicite
593 1207 721 1271 autem
742 1206 781 1271 in
803 1206 914 1271 corde
930 1207 1075 1271 uestro:
1092 1206 1172 1271 tibi
1188 1206 1446 1288 oportetado-

311 1330 411 1387 rare,
445 1309 605 1376 domino.
643 1309 806 1393 augelus
840 1309 967 1374 autem
999 1328 1104 1376 meus
1137 1309 1340 1374 uobiscum
1368 1310 1445 1387 est,

311 1431 380 1497 ego
403 1414 529 1478 autem
551 1412 749 1495 exquiram
771 1413 919 1477 animas
949 1415 1110 1478 uestras.
1149 1412 1287 1497 lingua
1315 1430 1445 1476 eorum

311 1516 438 1601 polita
458 1534 477 1581 a
498 1516 628 1594 fabro,
664 1516 750 1598 ipsa
777 1516 898 1581 etiam
926 1516 1106 1581 inaurata
1128 1517 1165 1581 ct
1187 1515 1446 1599 inargentata

311 1620 413 1685 falsa
435 1622 523 1685 suut
545 1621 583 1684 et
604 1636 675 1684 non
696 1620 857 1701 possunt
878 1620 1000 1703 loqui:
1025 1620 1187 1685 etaient
1210 1619 1360 1704 uirgini
1383 1636 1442 1682 or·
1456 1640 1482 1679 ιο

310 1726 441 1789 natum
463 1722 611 1789 amanti
643 1724 801 1805 accepto
835 1739 929 1789 auro
964 1722 1150 1787 fabricati
1173 1725 1261 1788 aunt
1283 1739 1446 1789 coronas

310 1846 426 1911 supra
447 1826 578 1909 capita
599 1826 753 1890 deorum
776 1844 938 1892 suorum.
962 1828 1022 1891 est
1043 1828 1170 1893 autem
1193 1829 1343 1909 quaudo
1358 1831 1446 1895 sub·

309 1932 470 1996 trahent
501 1930 722 1995 sacerdotes
755 1950 773 1995 a
805 1930 883 1995 diis
911 1931 992 1995 suia
1019 1950 1156 1997 aurum
1178 1934 1215 1997 ot
1236 1934 1446 2018 argentum

310 2038 348 2099 et
381 2035 542 2119 erogant
572 2032 674 2098 illud
707 2034 746 2099 iu
778 2034 899 2099 semet
931 2034 1053 2116 ipsos3
1088 2035 1234 2101 dabunt
1261 2037 1378 2101 etiam
1402 2056 1446 2103 er

309 2138 393 2219 ipso
416 2138 453 2203 et
474 2137 708 2219 prostitutis
729 2136 1020 2215 meretricibuS‚
1051 2139 1263 2222 ornantque
1285 2140 1379 2205 illos
1403 2142 1479 2205 utre

309 2241 484 2305 homines
512 2241 777 2319 uestimentis,
811 2240 902 2306 deos
935 2242 1139 2325 argenteos
1173 2244 1210 2307 et
1244 2261 1383 2308 aureos
1406 2246 1446 2309 et

309 2334 482 2427 ligneos.'
505 2344 594 2409 addit
608 2344 705 2410 etiam
719 2344 982 2427 insequentibus,
1006 2345 1042 2408 ut
1067 2362 1189 2410 omnem
1215 2345 1445 2413 dubitationem

309 2448 523 2530 trepidationis
548 2447 698 2513 excutiat:
729 2442 856 2530 ‘supra
878 2465 1013 2529 corpus
1036 2466 1163 2513 eorum
1186 2450 1223 2513 at
1245 2452 1358 2533 eaput
1381 2470 1445 2515 uo-

308 2550 609 2617 litantnoctuae
631 2552 668 2615 ct
689 2551 921 2617 hirundines
944 2558 980 2617 et
1002 2570 1093 2617 aues
1116 2552 1321 2618 similiter:
1344 2554 1444 2619 unde

308 2654 448 2718 scietis
482 2654 571 2737 quia
605 2672 676 2719 non
709 2657 799 2720 sunt
825 2655 897 2720 dii:
920 2674 993 2720 nou
1016 2672 1108 2739 ergo
1132 2656 1350 2721 timueritis
1373 2676 1437 2723 eos
1454 2685 1481 2727 ao

309 2777 442 2822 aurum
464 2758 563 2822 enim
585 2757 683 2839 quod
707 2758 811 2823 circo
833 2776 871 2823 se
892 2758 1035 2824 habant
1068 2759 1112 2824 ad
1145 2760 1325 2841 speciem,
1363 2762 1444 2827 nisi

308 2859 434 2942 aliqui
466 2862 677 2927 exterserit
709 2861 952 2947 aeruginem,
989 2880 1060 2927 uon
1093 2861 1283 2947 fulgebit:
1318 2883 1443 2948 neque

309 2965 412 3030 enim
448 2985 533 3031 cum
572 2966 848 3032 conflabantur
886 2966 1118 3032 sentiebant.
1156 2967 1284 3048 pretio
1319 2968 1444 3050 empti

194 3072 398 3133 remeunt
431 3068 469 3133 in
501 3069 643 3152 quibus
675 3069 842 3152 spiritus
875 3088 945 3135 nou
979 3071 1052 3147 est,
1088 3070 1171 3134 sina
1192 3070 1358 3153 pedibus
1379 3072 1383 3153 Ι
1404 3072 1444 3139 in

306 3173 477 3237 humoris
498 3165 728 3255 portantur.’
750 3174 839 3241 addit
859 3174 965 3252 etiam,
982 3174 1018 3237 ut
1032 3173 1212 3239 confirmata
1226 3194 1313 3240 mens
1330 3175 1477 3243 fortiusss

307 3277 480 3341 roboretur:
502 3270 685 3343 ‘scientes
704 3279 840 3360 itaque
855 3296 899 3343 er
914 3277 974 3341 his
997 3278 1177 3359 quianon
1199 3279 1291 3343 sunt
1313 3278 1369 3343 dii
1393 3298 1438 3344 ue

406 3467 424 3524 6
443 3482 483 3535 ep.
496 3464 569 3519 Hier.
583 3464 684 3524 5—10.
741 3464 778 3523 18
796 3464 833 3519 ib.
846 3464 967 3522 21-24.
1021 3465 1060 3522 26
1079 3465 1115 3519 ib.
1126 3465 1173 3523 28.

306 3642 365 3709 Pa,
383 3656 431 3693 aa.
445 3638 570 3693 Bursian
583 3654 617 3692 ex
630 3638 726 3707 LXX,
740 3638 797 3692 coll.
817 3638 899 3708 Oppr.
914 3638 1010 3692 testim.
1025 3638 1084 3707 III,
1098 3642 1133 3693 59
1146 3644 1172 3693 et
1184 3638 1260 3707 epist.
1272 3638 1310 3693 ad
1320 3638 1437 3693 Fortun

306 3733 330 3795 1,
340 3745 369 3795 p.
383 3730 435 3781 515

357 3814 376 3872 5
394 3813 503 3866 inuento
515 3810 542 3866 P
593 3810 612 3868 8
631 3828 680 3881 ego
692 3812 835 3866 Bursian:
855 3812 914 3881 loge
928 3810 966 3876 P,
985 3812 1073 3882 legam
1085 3830 1117 3880 u;
1136 3813 1168 3867 io
1181 3818 1311 3867 contextu
1327 3811 1437 3869 Graeco

306 3906 360 3954 est:
379 3896 462 3960 αὐτός
478 3917 508 3953 τε
526 3900 646 3965 ἐκζητῶν
669 3900 682 3966 ΙΙ
704 3897 739 3951 ab
751 3897 856 3951 animas
868 3901 973 3952 uestras
986 3900 1027 3963 P,
1054 3898 1087 3953 ab
1110 3898 1250 3953 animabus
1270 3899 1370 3953 uestris
1391 3916 1408 3953 α

306 3985 325 4043 9
343 4002 360 4040 a
373 3986 439 4040 add.
452 3986 580 4041 Borean
635 3984 674 4041 10
685 3983 788 4054 uirgini
800 3982 912 4038 hortatu
924 3985 1027 4039 amanti
1040 4000 1164 4053 accepero
1175 3984 1210 4053 P,
1223 4000 1270 4041 aa.
1282 3986 1410 4040 Bursian

309 4072 345 4130 14
360 4072 508 4141 erogabunt
520 4088 553 4141 α,·
572 4073 605 4125 in
622 4070 728 4126 Graeco
740 4078 794 4126 est:
815 4068 1048 4142 tquspoa'prvoc..
1067 4074 1252 4126 καταναλοῦσι
1312 4073 1348 4131 15
1365 4086 1448 4127 orna-

306 4157 428 4227 buntque
445 4176 480 4225 o,·
503 4157 625 4212 &aecta
641 4172 748 4227 quoque
765 4163 857 4211 textus
873 4158 968 4211 babet:
988 4153 1111 4211 δώσουσι
1128 4158 1188 4213 dt..
1206 4160 1348 4229 κοσμοῦσί
1363 4176 1393 4213 τε

311 4244 349 4300 18
367 4259 457 4298 eorum
471 4244 613 4298 Bursian:
631 4244 689 4297 eius
702 4244 748 4297 Pa
802 4242 840 4301 19
860 4258 922 4297 aues
936 4244 1064 4298 similiter
1076 4246 1104 4297 et
1115 4246 1204 4298 cattam
1217 4246 1286 4299 coni.
1299 4244 1448 4311 Boreion,-

306 4337 403 4385 textue
422 4346 539 4401 graecus
558 4330 652 4384 babet:
680 4332 851 4400 ἐφέπωνται
872 4330 1041 4401 νυκτερίδες,
1064 4326 1209 4399 χελιδόνες
1229 4334 1276 4384 καὶ
1297 4330 1329 4383 πὶ
1352 4330 1447 4403 ὄρνεα,

307 4414 436 4477 ὡσαύτως
448 4416 580 4471 δὲκαὶοὶ
593 4420 720 4489 αἴλουροι
771 4415 808 4472 21
828 4416 899 4470 enim
912 4416 1053 4470 Bursian:
1070 4416 1187 4470 eiusPa
1251 4416 1290 4473 22
1308 4416 1445 4486 aliquisa

316 4506 329 4572 ΙΙ
351 4503 489 4573 eruginem
502 4504 547 4557 Pa
600 4502 638 4559 23
655 4501 841 4557 conflabuntur
854 4502 1008 4556 sentiebant
1021 4502 1056 4570 P,
1069 4518 1117 4557 em.
1131 4502 1260 4557 Bursian
