<?xml version="1.0" encoding="UTF-8"?>
<!DOCTYPE html PUBLIC "-//W3C//DTD XHTML 1.0 Transitional//EN"
    "http://www.w3.org/TR/xhtml1/DTD/xhtml1-transitional.dtd">
<html xmlns="http://www.w3.org/1999/xhtml" xml:lang="en" lang="en">
 <head>
  <title>
</title>
<meta http-equiv="Content-Type" content="text/html;charset=utf-8" />
  <meta name='ocr-system' content='tesseract 3.04.00' />
  <meta name='ocr-capabilities' content='ocr_page ocr_carea ocr_par ocr_line ocrx_word'/>
</head>
<body>
  <div class='ocr_page' id='page_1' title='image "./corpusscriptoru12wissgoog_0384.png"; bbox 0 0 3300 5142; ppageno 0'>
   <div class='ocr_carea' id='block_1_1' title="bbox 325 527 1036 596">
    <p class='ocr_par' dir='ltr' id='par_1_1' title="bbox 325 527 1036 596">
     <span class='ocr_line' id='line_1_1' title="bbox 325 527 1036 596; baseline -0.003 -13"><span class='ocrx_word' id='word_1_1' title='bbox 325 533 368 596; x_wconf 76' lang='lat'>48</span> <span class='ocrx_word' id='word_1_2' title='bbox 742 528 884 582; x_wconf 81' lang='lat' dir='ltr'>llinncii</span> <span class='ocrx_word' id='word_1_3' title='bbox 902 527 1036 582; x_wconf 79' lang='lat' dir='ltr'>Felicis</span> 
     </span>
    </p>
   </div>
   <div class='ocr_carea' id='block_1_2' title="bbox 274 682 1609 3140">
    <p class='ocr_par' dir='ltr' id='par_1_2' title="bbox 274 682 1609 3140">
     <span class='ocr_line' id='line_1_2' title="bbox 325 682 1461 768; baseline 0.004 -20"><span class='ocrx_word' id='word_1_4' title='bbox 325 683 449 750; x_wconf 87' lang='lat' dir='ltr'>Iudaeis</span> <span class='ocrx_word' id='word_1_5' title='bbox 469 685 604 768; x_wconf 83' lang='lat' dir='ltr'>require:</span> <span class='ocrx_word' id='word_1_6' title='bbox 634 684 698 748; x_wconf 83' lang='lat' dir='ltr'>iam</span> <span class='ocrx_word' id='word_1_7' title='bbox 718 682 811 760; x_wconf 88' lang='lat' dir='ltr'>scies,</span> <span class='ocrx_word' id='word_1_8' title='bbox 841 683 980 765; x_wconf 80' lang='lat' dir='ltr'>nequitia</span> <span class='ocrx_word' id='word_1_9' title='bbox 1002 702 1059 749; x_wconf 91' lang='lat' dir='ltr'>sua</span> <span class='ocrx_word' id='word_1_10' title='bbox 1071 684 1151 750; x_wconf 82' lang='lat' dir='ltr'>hanc</span> <span class='ocrx_word' id='word_1_11' title='bbox 1165 701 1216 750; x_wconf 88' lang='lat' dir='ltr'>eos</span> <span class='ocrx_word' id='word_1_12' title='bbox 1230 685 1380 751; x_wconf 79' lang='lat' dir='ltr'>memisse</span> <span class='ocrx_word' id='word_1_13' title='bbox 1394 685 1461 752; x_wconf 87' lang='lat' dir='ltr'>for·</span> 
     </span>
     <span class='ocr_line' id='line_1_3' title="bbox 326 787 1461 870; baseline 0.004 -18"><span class='ocrx_word' id='word_1_14' title='bbox 326 790 445 866; x_wconf 87' lang='lat' dir='ltr'>tunam,</span> <span class='ocrx_word' id='word_1_15' title='bbox 460 806 516 853; x_wconf 91' lang='lat' dir='ltr'>nec</span> <span class='ocrx_word' id='word_1_16' title='bbox 527 788 698 870; x_wconf 78' lang='lat' dir='ltr'>quidquam</span> <span class='ocrx_word' id='word_1_17' title='bbox 712 787 859 852; x_wconf 84' lang='lat' dir='ltr'>accidisse</span> <span class='ocrx_word' id='word_1_18' title='bbox 875 787 956 868; x_wconf 90' lang='lat' dir='ltr'>qaod</span> <span class='ocrx_word' id='word_1_19' title='bbox 969 804 1030 852; x_wconf 94' lang='lat' dir='ltr'>non</span> <span class='ocrx_word' id='word_1_20' title='bbox 1045 787 1088 852; x_wconf 86' lang='lat' dir='ltr'>sit</span> <span class='ocrx_word' id='word_1_21' title='bbox 1102 787 1152 866; x_wconf 87' lang='lat' dir='ltr'>iis,</span> <span class='ocrx_word' id='word_1_22' title='bbox 1174 788 1202 852; x_wconf 87' lang='lat' dir='ltr'>si</span> <span class='ocrx_word' id='word_1_23' title='bbox 1217 788 1251 853; x_wconf 94' lang='lat' dir='ltr'>in</span> <span class='ocrx_word' id='word_1_24' title='bbox 1265 789 1461 856; x_wconf 84' lang='lat' dir='ltr'>contumacia</span> 
     </span>
     <span class='ocr_line' id='line_1_4' title="bbox 298 889 1459 974; baseline 0.002 -20"><span class='ocrx_word' id='word_1_25' title='bbox 298 893 572 973; x_wconf 86' lang='lat' dir='ltr'>5pereeuerarent,</span> <span class='ocrx_word' id='word_1_26' title='bbox 602 893 675 956; x_wconf 90' lang='lat' dir='ltr'>ante</span> <span class='ocrx_word' id='word_1_27' title='bbox 694 890 894 972; x_wconf 88' lang='lat' dir='ltr'>praedictum.</span> <span class='ocrx_word' id='word_1_28' title='bbox 921 889 967 955; x_wconf 86' lang='lat' dir='ltr'>ita</span> <span class='ocrx_word' id='word_1_29' title='bbox 980 889 1067 972; x_wconf 91' lang='lat' dir='ltr'>prius</span> <span class='ocrx_word' id='word_1_30' title='bbox 1082 909 1133 955; x_wconf 92' lang='lat' dir='ltr'>eos</span> <span class='ocrx_word' id='word_1_31' title='bbox 1148 891 1318 958; x_wconf 87' lang='lat' dir='ltr'>deseruisse</span> <span class='ocrx_word' id='word_1_32' title='bbox 1332 909 1459 974; x_wconf 90' lang='lat' dir='ltr'>conpre-</span> 
     </span>
     <span class='ocr_line' id='line_1_5' title="bbox 325 993 1457 1078; baseline -0.001 -19"><span class='ocrx_word' id='word_1_33' title='bbox 325 995 440 1060; x_wconf 88' lang='lat' dir='ltr'>hendes</span> <span class='ocrx_word' id='word_1_34' title='bbox 461 1013 555 1078; x_wconf 88' lang='lat' dir='ltr'>qaam</span> <span class='ocrx_word' id='word_1_35' title='bbox 575 1013 642 1060; x_wconf 84' lang='lat' dir='ltr'>esse</span> <span class='ocrx_word' id='word_1_36' title='bbox 656 994 794 1058; x_wconf 88' lang='lat' dir='ltr'>desertos</span> <span class='ocrx_word' id='word_1_37' title='bbox 814 1013 880 1070; x_wconf 89' lang='lat' dir='ltr'>noc,</span> <span class='ocrx_word' id='word_1_38' title='bbox 910 994 947 1058; x_wconf 88' lang='lat' dir='ltr'>ut</span> <span class='ocrx_word' id='word_1_39' title='bbox 962 993 1059 1076; x_wconf 89' lang='lat' dir='ltr'>impio</span> <span class='ocrx_word' id='word_1_40' title='bbox 1073 993 1217 1076; x_wconf 88' lang='lat' dir='ltr'>loqueris,</span> <span class='ocrx_word' id='word_1_41' title='bbox 1233 1014 1305 1059; x_wconf 92' lang='lat' dir='ltr'>cum</span> <span class='ocrx_word' id='word_1_42' title='bbox 1320 995 1386 1060; x_wconf 91' lang='lat' dir='ltr'>Deo</span> <span class='ocrx_word' id='word_1_43' title='bbox 1400 1013 1457 1060; x_wconf 92' lang='lat' dir='ltr'>suo</span> 
     </span>
     <span class='ocr_line' id='line_1_6' title="bbox 326 1096 1482 1180; baseline -0.001 -17"><span class='ocrx_word' id='word_1_44' title='bbox 326 1100 441 1180; x_wconf 75' lang='lat' dir='ltr'>captae,</span> <span class='ocrx_word' id='word_1_45' title='bbox 457 1098 675 1162; x_wconf 86' lang='lat' dir='ltr'>sedaDeont</span> <span class='ocrx_word' id='word_1_46' title='bbox 688 1096 870 1178; x_wconf 87' lang='lat' dir='ltr'>disciplinae</span> <span class='ocrx_word' id='word_1_47' title='bbox 884 1096 1061 1180; x_wconf 82' lang='lat' dir='ltr'>transfugas</span> <span class='ocrx_word' id='word_1_48' title='bbox 1076 1097 1207 1162; x_wconf 85' lang='lat' dir='ltr'>deditos.</span> <span class='ocrx_word' id='word_1_49' title='bbox 1470 1110 1482 1148; x_wconf 83' lang='lat'>⁵</span> 
     </span>
     <span class='ocr_line' id='line_1_7' title="bbox 274 1199 1461 1285; baseline -0.003 -15"><span class='ocrx_word' id='word_1_50' title='bbox 274 1207 316 1270; x_wconf 78' lang='grc'>11</span> <span class='ocrx_word' id='word_1_51' title='bbox 369 1199 513 1266; x_wconf 85' lang='lat' dir='ltr'>Ceterum</span> <span class='ocrx_word' id='word_1_52' title='bbox 526 1201 566 1266; x_wconf 91' lang='lat' dir='ltr'>de</span> <span class='ocrx_word' id='word_1_53' title='bbox 580 1199 720 1266; x_wconf 90' lang='lat' dir='ltr'>incendic</span> <span class='ocrx_word' id='word_1_54' title='bbox 734 1199 859 1276; x_wconf 88' lang='lat' dir='ltr'>mnndi,</span> <span class='ocrx_word' id='word_1_55' title='bbox 875 1200 930 1264; x_wconf 83' lang='lat' dir='ltr'>aut</span> <span class='ocrx_word' id='word_1_56' title='bbox 944 1199 1136 1281; x_wconf 88' lang='lat' dir='ltr'>inprouisnm</span> <span class='ocrx_word' id='word_1_57' title='bbox 1159 1201 1264 1285; x_wconf 84' lang='lat' dir='ltr'>ignem</span> <span class='ocrx_word' id='word_1_58' title='bbox 1275 1201 1383 1266; x_wconf 87' lang='lat' dir='ltr'>cadere</span> <span class='ocrx_word' id='word_1_59' title='bbox 1403 1201 1461 1266; x_wconf 85' lang='lat' dir='ltr'>aut</span> 
     </span>
     <span class='ocr_line' id='line_1_8' title="bbox 297 1302 1460 1387; baseline -0.004 -15"><span class='ocrx_word' id='word_1_60' title='bbox 297 1305 349 1386; x_wconf 78' lang='lat' dir='ltr'>n†</span> <span class='ocrx_word' id='word_1_61' title='bbox 363 1303 507 1380; x_wconf 80' lang='lat' dir='ltr'>difficile,</span> <span class='ocrx_word' id='word_1_62' title='bbox 530 1321 591 1368; x_wconf 96' lang='lat' dir='ltr'>non</span> <span class='ocrx_word' id='word_1_63' title='bbox 605 1302 727 1368; x_wconf 87' lang='lat' dir='ltr'>credere</span> <span class='ocrx_word' id='word_1_64' title='bbox 738 1302 878 1386; x_wconf 83' lang='lat' dir='ltr'>uulgaris</span> <span class='ocrx_word' id='word_1_65' title='bbox 891 1302 1001 1366; x_wconf 88' lang='lat' dir='ltr'>erroris</span> <span class='ocrx_word' id='word_1_66' title='bbox 1013 1304 1069 1366; x_wconf 89' lang='lat' dir='ltr'>est.</span> <span class='ocrx_word' id='word_1_67' title='bbox 1086 1304 1156 1385; x_wconf 87' lang='lat' dir='ltr'>quis</span> <span class='ocrx_word' id='word_1_68' title='bbox 1172 1305 1255 1368; x_wconf 92' lang='lat' dir='ltr'>enim</span> <span class='ocrx_word' id='word_1_69' title='bbox 1270 1303 1460 1387; x_wconf 89' lang='lat' dir='ltr'>sapientium</span> 
     </span>
     <span class='ocr_line' id='line_1_9' title="bbox 326 1405 1462 1490; baseline -0.001 -19"><span class='ocrx_word' id='word_1_70' title='bbox 326 1406 461 1484; x_wconf 84' lang='lat' dir='ltr'>dubitat,</span> <span class='ocrx_word' id='word_1_71' title='bbox 477 1406 547 1488; x_wconf 92' lang='lat' dir='ltr'>quis</span> <span class='ocrx_word' id='word_1_72' title='bbox 560 1405 692 1490; x_wconf 77' lang='lat' dir='ltr'>ignorat,</span> <span class='ocrx_word' id='word_1_73' title='bbox 708 1405 812 1470; x_wconf 85' lang='lat' dir='ltr'>omnia</span> <span class='ocrx_word' id='word_1_74' title='bbox 827 1423 905 1487; x_wconf 87' lang='lat' dir='ltr'>quae</span> <span class='ocrx_word' id='word_1_75' title='bbox 919 1407 988 1470; x_wconf 87' lang='lat' dir='ltr'>orta</span> <span class='ocrx_word' id='word_1_76' title='bbox 1002 1407 1092 1483; x_wconf 90' lang='lat' dir='ltr'>sont,</span> <span class='ocrx_word' id='word_1_77' title='bbox 1107 1405 1261 1486; x_wconf 89' lang='lat' dir='ltr'>occidere,</span> <span class='ocrx_word' id='word_1_78' title='bbox 1282 1424 1360 1490; x_wconf 89' lang='lat' dir='ltr'>quac</span> <span class='ocrx_word' id='word_1_79' title='bbox 1375 1406 1462 1471; x_wconf 79' lang='lat' dir='ltr'>iacta</span> 
     </span>
     <span class='ocr_line' id='line_1_10' title="bbox 326 1507 1460 1591; baseline -0.001 -17"><span class='ocrx_word' id='word_1_80' title='bbox 326 1511 408 1588; x_wconf 90' lang='lat' dir='ltr'>eunt,</span> <span class='ocrx_word' id='word_1_81' title='bbox 420 1509 568 1574; x_wconf 78' lang='lat' dir='ltr'>interire?</span> <span class='ocrx_word' id='word_1_82' title='bbox 578 1509 905 1591; x_wconf 87' lang='lat' dir='ltr'>caelumqnoquecum</span> <span class='ocrx_word' id='word_1_83' title='bbox 916 1507 1060 1574; x_wconf 92' lang='lat' dir='ltr'>omnibus</span> <span class='ocrx_word' id='word_1_84' title='bbox 1072 1527 1150 1591; x_wconf 87' lang='lat' dir='ltr'>qnae</span> <span class='ocrx_word' id='word_1_85' title='bbox 1161 1510 1460 1588; x_wconf 87' lang='lat' dir='ltr'>caelocontineutnr,</span> 
     </span>
     <span class='ocr_line' id='line_1_11' title="bbox 327 1610 1498 1696; baseline -0.001 -19"><span class='ocrx_word' id='word_1_86' title='bbox 327 1613 374 1678; x_wconf 87' lang='lat' dir='ltr'>ita</span> <span class='ocrx_word' id='word_1_87' title='bbox 387 1614 423 1678; x_wconf 89' lang='lat' dir='ltr'>at</span> <span class='ocrx_word' id='word_1_88' title='bbox 438 1612 549 1696; x_wconf 88' lang='lat' dir='ltr'>coepit,</span> <span class='ocrx_word' id='word_1_89' title='bbox 564 1611 591 1676; x_wconf 85' lang='lat' dir='ltr'>ai</span> <span class='ocrx_word' id='word_1_90' title='bbox 606 1611 732 1677; x_wconf 89' lang='lat' dir='ltr'>desierit</span> <span class='ocrx_word' id='word_1_91' title='bbox 746 1611 881 1676; x_wconf 80' lang='lat' dir='ltr'>fontium</span> <span class='ocrx_word' id='word_1_92' title='bbox 896 1610 996 1676; x_wconf 88' lang='lat' dir='ltr'>dulcis</span> <span class='ocrx_word' id='word_1_93' title='bbox 1008 1613 1195 1694; x_wconf 85' lang='lat' dir='ltr'>aquamaria</span> <span class='ocrx_word' id='word_1_94' title='bbox 1204 1613 1333 1690; x_wconf 86' lang='lat' dir='ltr'>nutrire,</span> <span class='ocrx_word' id='word_1_95' title='bbox 1349 1612 1383 1676; x_wconf 93' lang='lat' dir='ltr'>in</span> <span class='ocrx_word' id='word_1_96' title='bbox 1394 1612 1462 1676; x_wconf 91' lang='lat' dir='ltr'>uim</span> <span class='ocrx_word' id='word_1_97' title='bbox 1472 1629 1498 1668; x_wconf 82' lang='lat' dir='ltr'>rc</span> 
     </span>
     <span class='ocr_line' id='line_1_12' title="bbox 327 1713 1462 1800; baseline 0 -18"><span class='ocrx_word' id='word_1_98' title='bbox 327 1716 410 1800; x_wconf 85' lang='lat' dir='ltr'>ignis</span> <span class='ocrx_word' id='word_1_99' title='bbox 423 1715 592 1794; x_wconf 86' lang='lat' dir='ltr'>abiturum,</span> <span class='ocrx_word' id='word_1_100' title='bbox 607 1713 720 1780; x_wconf 78' lang='lat' dir='ltr'><strong>Stoicis</strong></span> <span class='ocrx_word' id='word_1_101' title='bbox 734 1717 877 1780; x_wconf 85' lang='lat' dir='ltr'>cenetam</span> <span class='ocrx_word' id='word_1_102' title='bbox 892 1714 995 1798; x_wconf 90' lang='lat' dir='ltr'>opinio</span> <span class='ocrx_word' id='word_1_103' title='bbox 1010 1717 1067 1794; x_wconf 86' lang='lat' dir='ltr'>est,</span> <span class='ocrx_word' id='word_1_104' title='bbox 1082 1717 1164 1798; x_wconf 90' lang='lat' dir='ltr'>quod</span> <span class='ocrx_word' id='word_1_105' title='bbox 1179 1717 1339 1781; x_wconf 85' lang='lat' dir='ltr'>consumto</span> <span class='ocrx_word' id='word_1_106' title='bbox 1353 1733 1462 1782; x_wconf 89' lang='lat' dir='ltr'>umore</span> 
     </span>
     <span class='ocr_line' id='line_1_13' title="bbox 298 1818 1462 1902; baseline 0.003 -21"><span class='ocrx_word' id='word_1_107' title='bbox 298 1819 462 1886; x_wconf 75' lang='lat' dir='ltr'>emundas</span> <span class='ocrx_word' id='word_1_108' title='bbox 475 1818 528 1883; x_wconf 91' lang='lat' dir='ltr'>hic</span> <span class='ocrx_word' id='word_1_109' title='bbox 541 1818 642 1883; x_wconf 89' lang='lat' dir='ltr'>omnis</span> <span class='ocrx_word' id='word_1_110' title='bbox 657 1819 805 1902; x_wconf 82' lang='lat' dir='ltr'>ignescat.</span> <span class='ocrx_word' id='word_1_111' title='bbox 833 1820 864 1884; x_wconf 92' lang='lat' dir='ltr'>et</span> <span class='ocrx_word' id='word_1_112' title='bbox 879 1818 1039 1900; x_wconf 83' lang='lat' dir='ltr'>Epicureis</span> <span class='ocrx_word' id='word_1_113' title='bbox 1054 1819 1092 1884; x_wconf 93' lang='lat' dir='ltr'>de</span> <span class='ocrx_word' id='word_1_114' title='bbox 1108 1820 1330 1885; x_wconf 88' lang='lat' dir='ltr'>elementorum</span> <span class='ocrx_word' id='word_1_115' title='bbox 1347 1819 1462 1885; x_wconf 91' lang='lat' dir='ltr'>confla·</span> 
     </span>
     <span class='ocr_line' id='line_1_14' title="bbox 297 1921 1461 2008; baseline -0.003 -16"><span class='ocrx_word' id='word_1_116' title='bbox 297 1923 469 2008; x_wconf 80' lang='lat' dir='ltr'>igratione</span> <span class='ocrx_word' id='word_1_117' title='bbox 480 1924 512 1988; x_wconf 90' lang='lat' dir='ltr'>et</span> <span class='ocrx_word' id='word_1_118' title='bbox 522 1922 631 1987; x_wconf 90' lang='lat' dir='ltr'>mundi</span> <span class='ocrx_word' id='word_1_119' title='bbox 641 1922 845 1987; x_wconf 84' lang='lat' dir='ltr'>minaeadem</span> <span class='ocrx_word' id='word_1_120' title='bbox 853 1922 922 2004; x_wconf 89' lang='lat' dir='ltr'>ipsa</span> <span class='ocrx_word' id='word_1_121' title='bbox 933 1923 1085 1988; x_wconf 86' lang='lat' dir='ltr'>sententia</span> <span class='ocrx_word' id='word_1_122' title='bbox 1095 1924 1151 1988; x_wconf 87' lang='lat' dir='ltr'>est.</span> <span class='ocrx_word' id='word_1_123' title='bbox 1165 1921 1344 2004; x_wconf 63' lang='lat' dir='ltr'>„loquitur</span> <span class='ocrx_word' id='word_1_124' title='bbox 1352 1922 1461 1988; x_wconf 87' lang='lat' dir='ltr'>Plato:</span> 
     </span>
     <span class='ocr_line' id='line_1_15' title="bbox 327 2025 1609 2110; baseline -0.006 -18"><span class='ocrx_word' id='word_1_125' title='bbox 327 2030 431 2110; x_wconf 87' lang='lat' dir='ltr'>partes</span> <span class='ocrx_word' id='word_1_126' title='bbox 445 2026 529 2091; x_wconf 90' lang='lat' dir='ltr'>orbis</span> <span class='ocrx_word' id='word_1_127' title='bbox 544 2044 625 2090; x_wconf 91' lang='lat' dir='ltr'>nunc</span> <span class='ocrx_word' id='word_1_128' title='bbox 639 2026 789 2090; x_wconf 88' lang='lat' dir='ltr'>inundare</span> <span class='ocrx_word' id='word_1_129' title='bbox 803 2025 896 2104; x_wconf 90' lang='lat' dir='ltr'>dicit,</span> <span class='ocrx_word' id='word_1_130' title='bbox 918 2043 999 2090; x_wconf 89' lang='lat' dir='ltr'>nunc</span> <span class='ocrx_word' id='word_1_131' title='bbox 1012 2025 1141 2091; x_wconf 75' lang='lat' dir='ltr'>alternis</span> <span class='ocrx_word' id='word_1_132' title='bbox 1155 2026 1278 2092; x_wconf 90' lang='lat' dir='ltr'>uicibus</span> <span class='ocrx_word' id='word_1_133' title='bbox 1292 2026 1460 2103; x_wconf 74' lang='lat' dir='ltr'>ardescere,</span> <span class='ocrx_word' id='word_1_134' title='bbox 1608 2077 1609 2084; x_wconf 74' lang='grc'>,</span> 
     </span>
     <span class='ocr_line' id='line_1_16' title="bbox 328 2125 1609 2211; baseline -0.004 -17"><span class='ocrx_word' id='word_1_135' title='bbox 328 2131 360 2194; x_wconf 82' lang='grc'>01</span> <span class='ocrx_word' id='word_1_136' title='bbox 381 2149 453 2194; x_wconf 90' lang='lat' dir='ltr'>cum</span> <span class='ocrx_word' id='word_1_137' title='bbox 475 2129 577 2211; x_wconf 88' lang='lat' dir='ltr'>ipsum</span> <span class='ocrx_word' id='word_1_138' title='bbox 599 2127 750 2194; x_wconf 92' lang='lat' dir='ltr'>mundum</span> <span class='ocrx_word' id='word_1_139' title='bbox 772 2131 955 2210; x_wconf 87' lang='lat' dir='ltr'>perpetuum</span> <span class='ocrx_word' id='word_1_140' title='bbox 978 2129 1010 2194; x_wconf 89' lang='lat' dir='ltr'>ot</span> <span class='ocrx_word' id='word_1_141' title='bbox 1031 2128 1230 2196; x_wconf 83' lang='lat' dir='ltr'>insolubilem</span> <span class='ocrx_word' id='word_1_142' title='bbox 1256 2129 1373 2194; x_wconf 89' lang='lat' dir='ltr'>diceret</span> <span class='ocrx_word' id='word_1_143' title='bbox 1395 2146 1460 2192; x_wconf 91' lang='lat' dir='ltr'>esse</span> <span class='ocrx_word' id='word_1_144' title='bbox 1471 2151 1494 2190; x_wconf 81' lang='lat' dir='ltr'>a</span> <span class='ocrx_word' id='word_1_145' title='bbox 1608 2125 1609 2142; x_wconf 72' lang='lat'><em>³</em></span> 
     </span>
     <span class='ocr_line' id='line_1_17' title="bbox 327 2231 1463 2313; baseline -0.001 -16"><span class='ocrx_word' id='word_1_146' title='bbox 327 2231 523 2310; x_wconf 84' lang='lat' dir='ltr'>fabricatum,</span> <span class='ocrx_word' id='word_1_147' title='bbox 539 2231 661 2297; x_wconf 81' lang='lat' dir='ltr'>addidit</span> <span class='ocrx_word' id='word_1_148' title='bbox 676 2233 799 2308; x_wconf 88' lang='lat' dir='ltr'>tamen,</span> <span class='ocrx_word' id='word_1_149' title='bbox 830 2231 891 2313; x_wconf 91' lang='lat' dir='ltr'>ipsi</span> <span class='ocrx_word' id='word_1_150' title='bbox 906 2231 1017 2296; x_wconf 84' lang='lat' dir='ltr'>artifici</span> <span class='ocrx_word' id='word_1_151' title='bbox 1040 2232 1104 2296; x_wconf 92' lang='lat' dir='ltr'>Deo</span> <span class='ocrx_word' id='word_1_152' title='bbox 1127 2231 1233 2298; x_wconf 81' lang='lat' dir='ltr'>solist</span> <span class='ocrx_word' id='word_1_153' title='bbox 1248 2231 1413 2296; x_wconf 88' lang='lat' dir='ltr'>solubilem</span> <span class='ocrx_word' id='word_1_154' title='bbox 1428 2233 1463 2296; x_wconf 87' lang='lat' dir='ltr'>et</span> 
     </span>
     <span class='ocr_line' id='line_1_18' title="bbox 298 2333 1462 2417; baseline -0.003 -16"><span class='ocrx_word' id='word_1_155' title='bbox 298 2337 393 2401; x_wconf 68' lang='lat' dir='ltr'>besse</span> <span class='ocrx_word' id='word_1_156' title='bbox 407 2335 578 2400; x_wconf 83' lang='lat' dir='ltr'>mortalem.</span> <span class='ocrx_word' id='word_1_157' title='bbox 602 2334 649 2399; x_wconf 85' lang='lat' dir='ltr'>ita</span> <span class='ocrx_word' id='word_1_158' title='bbox 662 2333 743 2398; x_wconf 88' lang='lat' dir='ltr'>nihil</span> <span class='ocrx_word' id='word_1_159' title='bbox 757 2334 873 2398; x_wconf 90' lang='lat' dir='ltr'>mirum</span> <span class='ocrx_word' id='word_1_160' title='bbox 888 2334 950 2414; x_wconf 90' lang='lat' dir='ltr'>est,</span> <span class='ocrx_word' id='word_1_161' title='bbox 966 2335 993 2400; x_wconf 88' lang='lat' dir='ltr'>si</span> <span class='ocrx_word' id='word_1_162' title='bbox 1015 2335 1077 2417; x_wconf 83' lang='lat' dir='ltr'>ista</span> <span class='ocrx_word' id='word_1_163' title='bbox 1091 2335 1188 2400; x_wconf 92' lang='lat' dir='ltr'>moles</span> <span class='ocrx_word' id='word_1_164' title='bbox 1203 2334 1242 2400; x_wconf 86' lang='lat' dir='ltr'>ab</span> <span class='ocrx_word' id='word_1_165' title='bbox 1258 2351 1310 2413; x_wconf 89' lang='lat' dir='ltr'>eo,</span> <span class='ocrx_word' id='word_1_166' title='bbox 1333 2353 1394 2417; x_wconf 89' lang='lat' dir='ltr'>quo</span> <span class='ocrx_word' id='word_1_167' title='bbox 1409 2353 1462 2400; x_wconf 83' lang='lat' dir='ltr'>ex·</span> 
     </span>
     <span class='ocr_line' id='line_1_19' title="bbox 326 2437 1463 2520; baseline -0.001 -17"><span class='ocrx_word' id='word_1_168' title='bbox 326 2439 449 2504; x_wconf 85' lang='lat' dir='ltr'>structa</span> <span class='ocrx_word' id='word_1_169' title='bbox 463 2439 521 2516; x_wconf 87' lang='lat' dir='ltr'>est,</span> <span class='ocrx_word' id='word_1_170' title='bbox 534 2438 721 2502; x_wconf 83' lang='lat' dir='ltr'>destruatur.</span> <span class='ocrx_word' id='word_1_171' title='bbox 738 2437 963 2502; x_wconf 88' lang='lat' dir='ltr'>animaduertis</span> <span class='ocrx_word' id='word_1_172' title='bbox 973 2437 1172 2519; x_wconf 90' lang='lat' dir='ltr'>philosophos</span> <span class='ocrx_word' id='word_1_173' title='bbox 1184 2437 1291 2503; x_wconf 89' lang='lat' dir='ltr'>eadem</span> <span class='ocrx_word' id='word_1_174' title='bbox 1303 2437 1463 2520; x_wconf 84' lang='lat' dir='ltr'>disputare</span> 
     </span>
     <span class='ocr_line' id='line_1_20' title="bbox 329 2539 1462 2625; baseline -0.002 -18"><span class='ocrx_word' id='word_1_175' title='bbox 329 2559 408 2624; x_wconf 88' lang='lat' dir='ltr'>quae</span> <span class='ocrx_word' id='word_1_176' title='bbox 422 2541 570 2618; x_wconf 82' lang='lat' dir='ltr'>dicimus,</span> <span class='ocrx_word' id='word_1_177' title='bbox 594 2558 654 2605; x_wconf 93' lang='lat' dir='ltr'>non</span> <span class='ocrx_word' id='word_1_178' title='bbox 669 2541 750 2622; x_wconf 89' lang='lat' dir='ltr'>quod</span> <span class='ocrx_word' id='word_1_179' title='bbox 765 2558 820 2604; x_wconf 91' lang='lat' dir='ltr'>nos</span> <span class='ocrx_word' id='word_1_180' title='bbox 835 2545 932 2605; x_wconf 88' lang='lat' dir='ltr'>simus</span> <span class='ocrx_word' id='word_1_181' title='bbox 948 2558 1054 2606; x_wconf 90' lang='lat' dir='ltr'>eorum</span> <span class='ocrx_word' id='word_1_182' title='bbox 1070 2541 1205 2625; x_wconf 82' lang='lat' dir='ltr'>uestigia</span> <span class='ocrx_word' id='word_1_183' title='bbox 1219 2539 1391 2616; x_wconf 89' lang='lat' dir='ltr'>subsecuti,</span> <span class='ocrx_word' id='word_1_184' title='bbox 1408 2540 1462 2605; x_wconf 89' lang='lat' dir='ltr'>sed</span> 
     </span>
     <span class='ocr_line' id='line_1_21' title="bbox 329 2642 1497 2728; baseline -0.002 -19"><span class='ocrx_word' id='word_1_185' title='bbox 329 2643 411 2727; x_wconf 86' lang='lat' dir='ltr'>quod</span> <span class='ocrx_word' id='word_1_186' title='bbox 424 2643 474 2709; x_wconf 94' lang='lat' dir='ltr'>illi</span> <span class='ocrx_word' id='word_1_187' title='bbox 490 2642 528 2708; x_wconf 93' lang='lat' dir='ltr'>de</span> <span class='ocrx_word' id='word_1_188' title='bbox 550 2642 665 2707; x_wconf 88' lang='lat' dir='ltr'>diuinis</span> <span class='ocrx_word' id='word_1_189' title='bbox 687 2643 949 2726; x_wconf 83' lang='lat' dir='ltr'>praedictionibus</span> <span class='ocrx_word' id='word_1_190' title='bbox 971 2642 1161 2728; x_wconf 81' lang='lat' dir='ltr'>profetarum</span> <span class='ocrx_word' id='word_1_191' title='bbox 1192 2643 1334 2709; x_wconf 86' lang='lat' dir='ltr'>umbram</span> <span class='ocrx_word' id='word_1_192' title='bbox 1364 2643 1497 2708; x_wconf 82' lang='lat' dir='ltr'>inter-rc</span> 
     </span>
     <span class='ocr_line' id='line_1_22' title="bbox 300 2745 1462 2830; baseline -0.001 -19"><span class='ocrx_word' id='word_1_193' title='bbox 300 2747 451 2830; x_wconf 81' lang='lat' dir='ltr'>opolatae</span> <span class='ocrx_word' id='word_1_194' title='bbox 473 2745 617 2811; x_wconf 87' lang='lat' dir='ltr'>ueritatis</span> <span class='ocrx_word' id='word_1_195' title='bbox 639 2746 757 2812; x_wconf 89' lang='lat' dir='ltr'>imitati</span> <span class='ocrx_word' id='word_1_196' title='bbox 780 2746 852 2811; x_wconf 91' lang='lat' dir='ltr'>sint.</span> <span class='ocrx_word' id='word_1_197' title='bbox 883 2747 927 2812; x_wconf 89' lang='lat' dir='ltr'>sic</span> <span class='ocrx_word' id='word_1_198' title='bbox 950 2745 1046 2812; x_wconf 86' lang='lat' dir='ltr'>etiam</span> <span class='ocrx_word' id='word_1_199' title='bbox 1062 2746 1270 2812; x_wconf 88' lang='lat' dir='ltr'>condicionem</span> <span class='ocrx_word' id='word_1_200' title='bbox 1284 2745 1462 2811; x_wconf 85' lang='lat' dir='ltr'>renascendi</span> 
     </span>
     <span class='ocr_line' id='line_1_23' title="bbox 329 2848 1463 2934; baseline -0.001 -19"><span class='ocrx_word' id='word_1_201' title='bbox 329 2848 516 2932; x_wconf 89' lang='lat' dir='ltr'>sapientium</span> <span class='ocrx_word' id='word_1_202' title='bbox 531 2849 684 2928; x_wconf 83' lang='lat' dir='ltr'>clariores,</span> <span class='ocrx_word' id='word_1_203' title='bbox 699 2849 893 2934; x_wconf 84' lang='lat' dir='ltr'>Pythagoras</span> <span class='ocrx_word' id='word_1_204' title='bbox 907 2849 1026 2931; x_wconf 88' lang='lat' dir='ltr'>primus</span> <span class='ocrx_word' id='word_1_205' title='bbox 1041 2850 1072 2915; x_wconf 86' lang='lat' dir='ltr'>et</span> <span class='ocrx_word' id='word_1_206' title='bbox 1083 2850 1264 2933; x_wconf 89' lang='lat' dir='ltr'>praecipuus</span> <span class='ocrx_word' id='word_1_207' title='bbox 1275 2849 1378 2928; x_wconf 87' lang='lat' dir='ltr'>Plato,</span> <span class='ocrx_word' id='word_1_208' title='bbox 1395 2866 1463 2914; x_wconf 88' lang='lat' dir='ltr'>cor·</span> 
     </span>
     <span class='ocr_line' id='line_1_24' title="bbox 329 2951 1464 3036; baseline -0.002 -18"><span class='ocrx_word' id='word_1_209' title='bbox 329 2955 421 3036; x_wconf 87' lang='lat' dir='ltr'>mpta</span> <span class='ocrx_word' id='word_1_210' title='bbox 449 2955 482 3019; x_wconf 86' lang='lat' dir='ltr'>et</span> <span class='ocrx_word' id='word_1_211' title='bbox 504 2952 667 3018; x_wconf 87' lang='lat' dir='ltr'>dimidiata</span> <span class='ocrx_word' id='word_1_212' title='bbox 686 2953 747 3018; x_wconf 88' lang='lat' dir='ltr'>fide</span> <span class='ocrx_word' id='word_1_213' title='bbox 768 2951 978 3019; x_wconf 86' lang='lat' dir='ltr'>tradidenmt:</span> <span class='ocrx_word' id='word_1_214' title='bbox 1008 2972 1081 3019; x_wconf 89' lang='lat' dir='ltr'>nam</span> <span class='ocrx_word' id='word_1_215' title='bbox 1103 2953 1280 3034; x_wconf 87' lang='lat' dir='ltr'>corporibus</span> <span class='ocrx_word' id='word_1_216' title='bbox 1302 2951 1464 3016; x_wconf 85' lang='lat' dir='ltr'>dissolutis</span> 
     </span>
     <span class='ocr_line' id='line_1_25' title="bbox 330 3055 1464 3140; baseline -0.003 -18"><span class='ocrx_word' id='word_1_217' title='bbox 330 3056 410 3122; x_wconf 84' lang='lat' dir='ltr'>solas</span> <span class='ocrx_word' id='word_1_218' title='bbox 425 3056 545 3122; x_wconf 87' lang='lat' dir='ltr'>animas</span> <span class='ocrx_word' id='word_1_219' title='bbox 559 3057 670 3122; x_wconf 90' lang='lat' dir='ltr'>uolunt</span> <span class='ocrx_word' id='word_1_220' title='bbox 683 3058 716 3122; x_wconf 92' lang='lat' dir='ltr'>et</span> <span class='ocrx_word' id='word_1_221' title='bbox 729 3057 877 3140; x_wconf 88' lang='lat' dir='ltr'>perpetuo</span> <span class='ocrx_word' id='word_1_222' title='bbox 892 3075 1013 3122; x_wconf 85' lang='lat' dir='ltr'>manere</span> <span class='ocrx_word' id='word_1_223' title='bbox 1043 3057 1075 3120; x_wconf 87' lang='lat' dir='ltr'>et</span> <span class='ocrx_word' id='word_1_224' title='bbox 1096 3055 1128 3120; x_wconf 95' lang='lat' dir='ltr'>in</span> <span class='ocrx_word' id='word_1_225' title='bbox 1151 3055 1213 3121; x_wconf 84' lang='lat' dir='ltr'>alia</span> <span class='ocrx_word' id='word_1_226' title='bbox 1234 3073 1314 3122; x_wconf 86' lang='lat' dir='ltr'>noua</span> <span class='ocrx_word' id='word_1_227' title='bbox 1337 3073 1464 3138; x_wconf 91' lang='lat' dir='ltr'>corpora</span> 
     </span>
    </p>
   </div>
   <div class='ocr_carea' id='block_1_3' title="bbox 327 3311 1466 4585">
    <p class='ocr_par' dir='ltr' id='par_1_3' title="bbox 327 3311 1466 4585">
     <span class='ocr_line' id='line_1_26' title="bbox 381 3311 1463 3382; baseline -0.006 -11"><span class='ocrx_word' id='word_1_228' title='bbox 381 3313 400 3371; x_wconf 89' lang='lat'>2</span> <span class='ocrx_word' id='word_1_229' title='bbox 418 3313 560 3382; x_wconf 83' lang='lat' dir='ltr'>quicquam</span> <span class='ocrx_word' id='word_1_230' title='bbox 572 3312 601 3367; x_wconf 91' lang='lat' dir='ltr'><strong><em>P</em></strong></span> <span class='ocrx_word' id='word_1_231' title='bbox 611 3327 680 3367; x_wconf 80' lang='lat' dir='ltr'>corr.</span> <span class='ocrx_word' id='word_1_232' title='bbox 692 3317 720 3368; x_wconf 79' lang='lat' dir='ltr'>et</span> <span class='ocrx_word' id='word_1_233' title='bbox 731 3328 748 3365; x_wconf 85' lang='lat' dir='ltr'>r</span> <span class='ocrx_word' id='word_1_234' title='bbox 768 3314 781 3380; x_wconf 94' lang='grc'>11</span> <span class='ocrx_word' id='word_1_235' title='bbox 804 3312 840 3365; x_wconf 83' lang='grc'>110</span> <span class='ocrx_word' id='word_1_236' title='bbox 852 3312 1020 3367; x_wconf 78' lang='lat' dir='ltr'>Heumann:</span> <span class='ocrx_word' id='word_1_237' title='bbox 1039 3312 1084 3366; x_wconf 88' lang='lat' dir='ltr'>his</span> <span class='ocrx_word' id='word_1_238' title='bbox 1097 3313 1140 3366; x_wconf 82' lang='lat' dir='ltr'>Pr</span> <span class='ocrx_word' id='word_1_239' title='bbox 1212 3312 1232 3370; x_wconf 90' lang='lat'><strong>3</strong></span> <span class='ocrx_word' id='word_1_240' title='bbox 1249 3311 1463 3382; x_wconf 82' lang='lat' dir='ltr'>conpraehendes</span> 
     </span>
     <span class='ocr_line' id='line_1_27' title="bbox 329 3396 1464 3468; baseline -0.004 -12"><span class='ocrx_word' id='word_1_241' title='bbox 329 3399 365 3464; x_wconf 87' lang='lat' dir='ltr'>P,</span> <span class='ocrx_word' id='word_1_242' title='bbox 377 3397 598 3468; x_wconf 87' lang='lat' dir='ltr'>compraehendes</span> <span class='ocrx_word' id='word_1_243' title='bbox 608 3415 630 3463; x_wconf 87' lang='lat' dir='ltr'>r,</span> <span class='ocrx_word' id='word_1_244' title='bbox 644 3397 822 3467; x_wconf 82' lang='lat' dir='ltr'>deprehendes</span> <span class='ocrx_word' id='word_1_245' title='bbox 828 3398 982 3454; x_wconf 75' lang='lat' dir='ltr'>Heumann</span> <span class='ocrx_word' id='word_1_246' title='bbox 1035 3399 1055 3454; x_wconf 84' lang='lat'>4</span> <span class='ocrx_word' id='word_1_247' title='bbox 1068 3415 1115 3453; x_wconf 89' lang='lat' dir='ltr'>sno</span> <span class='ocrx_word' id='word_1_248' title='bbox 1124 3415 1181 3452; x_wconf 88' lang='lat' dir='ltr'>esse</span> <span class='ocrx_word' id='word_1_249' title='bbox 1191 3400 1308 3468; x_wconf 83' lang='lat' dir='ltr'>captosr</span> <span class='ocrx_word' id='word_1_250' title='bbox 1361 3396 1464 3453; x_wconf 72' lang='lat' dir='ltr'>ruffi-</span> 
     </span>
     <span class='ocr_line' id='line_1_28' title="bbox 329 3483 1462 3554; baseline 0 -16"><span class='ocrx_word' id='word_1_251' title='bbox 329 3484 382 3539; x_wconf 87' lang='lat' dir='ltr'>cila</span> <span class='ocrx_word' id='word_1_252' title='bbox 394 3485 421 3539; x_wconf 95' lang='lat' dir='ltr'><strong><em>P</em></strong></span> <span class='ocrx_word' id='word_1_253' title='bbox 431 3490 573 3552; x_wconf 80' lang='lat' dir='ltr'>corrupte,</span> <span class='ocrx_word' id='word_1_254' title='bbox 587 3483 706 3538; x_wconf 86' lang='lat' dir='ltr'>dissilire</span> <span class='ocrx_word' id='word_1_255' title='bbox 717 3483 777 3538; x_wconf 82' lang='lat' dir='ltr'>Jac.</span> <span class='ocrx_word' id='word_1_256' title='bbox 790 3484 965 3554; x_wconf 72' lang='lat' dir='ltr'>Grmmtnr,</span> <span class='ocrx_word' id='word_1_257' title='bbox 978 3484 1071 3539; x_wconf 88' lang='lat' dir='ltr'>dissici</span> <span class='ocrx_word' id='word_1_258' title='bbox 1083 3485 1133 3538; x_wconf 92' lang='lat' dir='ltr'>illo</span> <span class='ocrx_word' id='word_1_259' title='bbox 1149 3483 1260 3553; x_wconf 83' lang='lat' dir='ltr'>Oebler,</span> <span class='ocrx_word' id='word_1_260' title='bbox 1270 3485 1360 3552; x_wconf 63' lang='lat' dir='ltr'>pacem</span> <span class='ocrx_word' id='word_1_261' title='bbox 1372 3485 1462 3547; x_wconf 75' lang='lat' dir='ltr'>etiarn,</span> 
     </span>
     <span class='ocr_line' id='line_1_29' title="bbox 330 3569 1464 3639; baseline -0.002 -13"><span class='ocrx_word' id='word_1_262' title='bbox 330 3587 392 3626; x_wconf 81' lang='lat' dir='ltr'>cum</span> <span class='ocrx_word' id='word_1_263' title='bbox 403 3571 490 3626; x_wconf 77' lang='lat' dir='ltr'>uerba</span> <span class='ocrx_word' id='word_1_264' title='bbox 497 3587 526 3638; x_wconf 82' lang='lat' dir='ltr'>p.</span> <span class='ocrx_word' id='word_1_265' title='bbox 541 3573 583 3638; x_wconf 88' lang='lat'>15,</span> <span class='ocrx_word' id='word_1_266' title='bbox 596 3571 616 3624; x_wconf 81' lang='lat'><strong><em>2</em></strong></span> <span class='ocrx_word' id='word_1_267' title='bbox 628 3571 828 3639; x_wconf 62' lang='lat' dir='ltr'>rapinane,</span> <span class='ocrx_word' id='word_1_268' title='bbox 840 3571 979 3639; x_wconf 70' lang='lat' dir='ltr'>campicaro?</span> <span class='ocrx_word' id='word_1_269' title='bbox 990 3570 1062 3624; x_wconf 88' lang='lat' dir='ltr'>dimi</span> <span class='ocrx_word' id='word_1_270' title='bbox 1075 3569 1167 3634; x_wconf 89' lang='lat' dir='ltr'>illum;</span> <span class='ocrx_word' id='word_1_271' title='bbox 1179 3571 1360 3624; x_wconf 74' lang='lat' dir='ltr'>neneimclinc</span> <span class='ocrx_word' id='word_1_272' title='bbox 1371 3576 1464 3624; x_wconf 75' lang='lat' dir='ltr'>menen</span> 
     </span>
     <span class='ocr_line' id='line_1_30' title="bbox 329 3655 1464 3726; baseline -0.002 -15"><span class='ocrx_word' id='word_1_273' title='bbox 329 3656 445 3712; x_wconf 65' lang='lat' dir='ltr'>aanor</span> <span class='ocrx_word' id='word_1_274' title='bbox 455 3656 592 3725; x_wconf 66' lang='lat' dir='ltr'>comedam</span> <span class='ocrx_word' id='word_1_275' title='bbox 602 3656 775 3710; x_wconf 63' lang='lat' dir='ltr'>intercidam</span> <span class='ocrx_word' id='word_1_276' title='bbox 835 3655 873 3713; x_wconf 89' lang='lat'>10</span> <span class='ocrx_word' id='word_1_277' title='bbox 893 3656 988 3726; x_wconf 92' lang='lat' dir='ltr'>coepit,</span> <span class='ocrx_word' id='word_1_278' title='bbox 1010 3656 1035 3709; x_wconf 84' lang='lat' dir='ltr'>si</span> <span class='ocrx_word' id='word_1_279' title='bbox 1055 3655 1167 3710; x_wconf 83' lang='lat' dir='ltr'>desierit</span> <span class='ocrx_word' id='word_1_280' title='bbox 1178 3655 1325 3710; x_wconf 70' lang='lat' dir='ltr'>Decedam:</span> <span class='ocrx_word' id='word_1_281' title='bbox 1346 3655 1464 3725; x_wconf 79' lang='lat' dir='ltr'>coepisse</span> 
     </span>
     <span class='ocr_line' id='line_1_31' title="bbox 329 3741 1465 3813; baseline -0.004 -15"><span class='ocrx_word' id='word_1_282' title='bbox 329 3743 450 3798; x_wconf 85' lang='lat' dir='ltr'>desinere</span> <span class='ocrx_word' id='word_1_283' title='bbox 462 3745 498 3812; x_wconf 88' lang='lat' dir='ltr'>P,</span> <span class='ocrx_word' id='word_1_284' title='bbox 507 3742 645 3813; x_wconf 84' lang='lat' dir='ltr'>coepisset,</span> <span class='ocrx_word' id='word_1_285' title='bbox 657 3741 797 3796; x_wconf 78' lang='lat' dir='ltr'>desinere?</span> <span class='ocrx_word' id='word_1_286' title='bbox 814 3759 846 3810; x_wconf 81' lang='lat' dir='ltr'>r,·</span> <span class='ocrx_word' id='word_1_287' title='bbox 863 3743 922 3811; x_wconf 80' lang='lat' dir='ltr'>ipsc</span> <span class='ocrx_word' id='word_1_288' title='bbox 933 3742 1027 3796; x_wconf 85' lang='lat' dir='ltr'>malim</span> <span class='ocrx_word' id='word_1_289' title='bbox 1038 3741 1080 3797; x_wconf 86' lang='lat' dir='ltr'>ita</span> <span class='ocrx_word' id='word_1_290' title='bbox 1091 3745 1123 3796; x_wconf 82' lang='lat' dir='ltr'>ut</span> <span class='ocrx_word' id='word_1_291' title='bbox 1134 3741 1264 3812; x_wconf 86' lang='lat' dir='ltr'>coepisse,</span> <span class='ocrx_word' id='word_1_292' title='bbox 1289 3741 1421 3806; x_wconf 88' lang='lat' dir='ltr'>desinere,</span> <span class='ocrx_word' id='word_1_293' title='bbox 1434 3743 1465 3794; x_wconf 76' lang='lat' dir='ltr'>et</span> 
     </span>
     <span class='ocr_line' id='line_1_32' title="bbox 331 3825 1465 3896; baseline -0.004 -12"><span class='ocrx_word' id='word_1_294' title='bbox 331 3830 355 3884; x_wconf 90' lang='lat' dir='ltr'>si</span> <span class='ocrx_word' id='word_1_295' title='bbox 366 3829 479 3884; x_wconf 79' lang='lat' dir='ltr'>desierit</span> <span class='ocrx_word' id='word_1_296' title='bbox 490 3835 537 3884; x_wconf 84' lang='lat' dir='ltr'>etc.</span> <span class='ocrx_word' id='word_1_297' title='bbox 552 3829 586 3883; x_wconf 79' lang='lat' dir='ltr'>de</span> <span class='ocrx_word' id='word_1_298' title='bbox 597 3844 629 3882; x_wconf 83' lang='lat' dir='ltr'>re</span> <span class='ocrx_word' id='word_1_299' title='bbox 641 3829 676 3895; x_wconf 81' lang='lat' dir='ltr'>cf.</span> <span class='ocrx_word' id='word_1_300' title='bbox 695 3827 953 3884; x_wconf 57' lang='lat' dir='ltr'>caedecatitae.</span> <span class='ocrx_word' id='word_1_301' title='bbox 968 3828 1134 3896; x_wconf 80' lang='lat' dir='ltr'>II,46,118</span> <span class='ocrx_word' id='word_1_302' title='bbox 1153 3829 1166 3896; x_wconf 93' lang='grc'>11</span> <span class='ocrx_word' id='word_1_303' title='bbox 1187 3826 1273 3881; x_wconf 87' lang='lat' dir='ltr'>dulcis</span> <span class='ocrx_word' id='word_1_304' title='bbox 1291 3841 1362 3896; x_wconf 85' lang='lat' dir='ltr'>aqua</span> <span class='ocrx_word' id='word_1_305' title='bbox 1379 3825 1465 3880; x_wconf 81' lang='lat' dir='ltr'>maria</span> 
     </span>
     <span class='ocr_line' id='line_1_33' title="bbox 329 3913 1466 3984; baseline -0.006 -14"><span class='ocrx_word' id='word_1_306' title='bbox 329 3916 434 3970; x_wconf 83' lang='lat' dir='ltr'>nutrim</span> <span class='ocrx_word' id='word_1_307' title='bbox 446 3917 485 3970; x_wconf 91' lang='lat' dir='ltr'>P:</span> <span class='ocrx_word' id='word_1_308' title='bbox 504 3915 577 3969; x_wconf 89' lang='lat' dir='ltr'>dulci</span> <span class='ocrx_word' id='word_1_309' title='bbox 595 3929 666 3984; x_wconf 82' lang='lat' dir='ltr'>aqua</span> <span class='ocrx_word' id='word_1_310' title='bbox 684 3914 801 3968; x_wconf 79' lang='lat' dir='ltr'>maricae</span> <span class='ocrx_word' id='word_1_311' title='bbox 820 3913 921 3968; x_wconf 89' lang='lat' dir='ltr'>nutriri</span> <span class='ocrx_word' id='word_1_312' title='bbox 941 3930 971 3981; x_wconf 84' lang='lat' dir='ltr'>r;</span> <span class='ocrx_word' id='word_1_313' title='bbox 989 3914 1021 3968; x_wconf 85' lang='lat' dir='ltr'>in</span> <span class='ocrx_word' id='word_1_314' title='bbox 1033 3913 1094 3967; x_wconf 86' lang='lat' dir='ltr'>edd.</span> <span class='ocrx_word' id='word_1_315' title='bbox 1111 3913 1252 3982; x_wconf 72' lang='lat' dir='ltr'>prienam</span> <span class='ocrx_word' id='word_1_316' title='bbox 1273 3913 1349 3968; x_wconf 71' lang='lat' dir='ltr'>mone</span> <span class='ocrx_word' id='word_1_317' title='bbox 1367 3913 1466 3966; x_wconf 82' lang='lat' dir='ltr'>misere</span> 
     </span>
     <span class='ocr_line' id='line_1_34' title="bbox 331 3997 1465 4072; baseline -0.004 -16"><span class='ocrx_word' id='word_1_318' title='bbox 331 4002 503 4071; x_wconf 73' lang='lat' dir='ltr'>deprecatae</span> <span class='ocrx_word' id='word_1_319' title='bbox 514 4003 617 4072; x_wconf 74' lang='lat' dir='ltr'>lepitan-</span> <span class='ocrx_word' id='word_1_320' title='bbox 670 4001 706 4057; x_wconf 92' lang='grc'>11</span> <span class='ocrx_word' id='word_1_321' title='bbox 725 4002 880 4070; x_wconf 85' lang='lat' dir='ltr'>consumpto</span> <span class='ocrx_word' id='word_1_322' title='bbox 889 4001 999 4054; x_wconf 87' lang='lat' dir='ltr'>hamore</span> <span class='ocrx_word' id='word_1_323' title='bbox 1017 4015 1033 4053; x_wconf 83' lang='lat' dir='ltr'>c·</span> <span class='ocrx_word' id='word_1_324' title='bbox 1086 3999 1123 4055; x_wconf 88' lang='lat'>13</span> <span class='ocrx_word' id='word_1_325' title='bbox 1142 3997 1233 4052; x_wconf 88' lang='lat' dir='ltr'>eadem</span> <span class='ocrx_word' id='word_1_326' title='bbox 1251 3999 1306 4052; x_wconf 81' lang='lat' dir='ltr'>isto</span> <span class='ocrx_word' id='word_1_327' title='bbox 1324 4015 1343 4052; x_wconf 85' lang='lat' dir='ltr'>s.</span> <span class='ocrx_word' id='word_1_328' title='bbox 1362 3998 1465 4053; x_wconf 68' lang='lat' dir='ltr'>Vama</span> 
     </span>
     <span class='ocr_line' id='line_1_35' title="bbox 342 4079 1465 4157; baseline -0.004 -17"><span class='ocrx_word' id='word_1_329' title='bbox 342 4089 354 4154; x_wconf 95' lang='grc'>11</span> <span class='ocrx_word' id='word_1_330' title='bbox 377 4087 502 4157; x_wconf 84' lang='lat' dir='ltr'>loquatur</span> <span class='ocrx_word' id='word_1_331' title='bbox 524 4089 638 4152; x_wconf 79' lang='lat' dir='ltr'>Vcener,</span> <span class='ocrx_word' id='word_1_332' title='bbox 662 4086 782 4155; x_wconf 83' lang='lat' dir='ltr'>loquitur</span> <span class='ocrx_word' id='word_1_333' title='bbox 798 4087 979 4151; x_wconf 78' lang='lat' dir='ltr'>Heammmo,</span> <span class='ocrx_word' id='word_1_334' title='bbox 1010 4085 1077 4140; x_wconf 84' lang='lat' dir='ltr'>dicit</span> <span class='ocrx_word' id='word_1_335' title='bbox 1097 4086 1198 4140; x_wconf 79' lang='lat' dir='ltr'>Vreino</span> <span class='ocrx_word' id='word_1_336' title='bbox 1219 4079 1367 4140; x_wconf 71' lang='lat' dir='ltr'>delendam</span> <span class='ocrx_word' id='word_1_337' title='bbox 1384 4082 1465 4138; x_wconf 78' lang='lat' dir='ltr'>nide-</span> 
     </span>
     <span class='ocr_line' id='line_1_36' title="bbox 331 4167 1465 4242; baseline -0.005 -13"><span class='ocrx_word' id='word_1_338' title='bbox 331 4175 429 4242; x_wconf 56' lang='lat' dir='ltr'>batam</span> <span class='ocrx_word' id='word_1_339' title='bbox 449 4173 621 4242; x_wconf 74' lang='lat' dir='ltr'>probabaiiae</span> <span class='ocrx_word' id='word_1_340' title='bbox 641 4173 761 4228; x_wconf 74' lang='lat' dir='ltr'>Valdca:</span> <span class='ocrx_word' id='word_1_341' title='bbox 781 4173 909 4226; x_wconf 84' lang='lat' dir='ltr'>similiter</span> <span class='ocrx_word' id='word_1_342' title='bbox 930 4171 1049 4242; x_wconf 87' lang='lat' dir='ltr'>loquitur</span> <span class='ocrx_word' id='word_1_343' title='bbox 1069 4170 1150 4225; x_wconf 84' lang='lat' dir='ltr'>Plato</span> <span class='ocrx_word' id='word_1_344' title='bbox 1204 4170 1242 4226; x_wconf 87' lang='grc'>14</span> <span class='ocrx_word' id='word_1_345' title='bbox 1259 4169 1385 4225; x_wconf 89' lang='lat' dir='ltr'>inundari</span> <span class='ocrx_word' id='word_1_346' title='bbox 1399 4167 1465 4224; x_wconf 87' lang='lat' dir='ltr'>Wo-</span> 
     </span>
     <span class='ocr_line' id='line_1_37' title="bbox 327 4253 1464 4330; baseline -0.007 -15"><span class='ocrx_word' id='word_1_347' title='bbox 327 4261 416 4330; x_wconf 71' lang='lat' dir='ltr'>pkens</span> <span class='ocrx_word' id='word_1_348' title='bbox 439 4261 451 4328; x_wconf 95' lang='grc'>11</span> <span class='ocrx_word' id='word_1_349' title='bbox 474 4259 550 4314; x_wconf 84' lang='lat' dir='ltr'>docet</span> <span class='ocrx_word' id='word_1_350' title='bbox 561 4259 714 4314; x_wconf 76' lang='lat' dir='ltr'>Heumann</span> <span class='ocrx_word' id='word_1_351' title='bbox 768 4257 805 4315; x_wconf 82' lang='lat'>16</span> <span class='ocrx_word' id='word_1_352' title='bbox 824 4257 930 4312; x_wconf 84' lang='lat' dir='ltr'>addidit</span> <span class='ocrx_word' id='word_1_353' title='bbox 946 4271 1008 4312; x_wconf 87' lang='lat' dir='ltr'>noe:</span> <span class='ocrx_word' id='word_1_354' title='bbox 1028 4255 1105 4310; x_wconf 86' lang='lat' dir='ltr'>addit</span> <span class='ocrx_word' id='word_1_355' title='bbox 1121 4256 1165 4310; x_wconf 78' lang='lat' dir='ltr'>Pr</span> <span class='ocrx_word' id='word_1_356' title='bbox 1187 4256 1200 4322; x_wconf 94' lang='grc'>11</span> <span class='ocrx_word' id='word_1_357' title='bbox 1222 4254 1276 4324; x_wconf 86' lang='lat' dir='ltr'>ipsi</span> <span class='ocrx_word' id='word_1_358' title='bbox 1288 4261 1315 4309; x_wconf 79' lang='lat' dir='ltr'>ct</span> <span class='ocrx_word' id='word_1_359' title='bbox 1326 4254 1374 4308; x_wconf 89' lang='lat' dir='ltr'>deo</span> <span class='ocrx_word' id='word_1_360' title='bbox 1386 4253 1464 4308; x_wconf 73' lang='lat' dir='ltr'>Here·</span> 
     </span>
     <span class='ocr_line' id='line_1_38' title="bbox 330 4339 1466 4412; baseline -0.009 -10"><span class='ocrx_word' id='word_1_361' title='bbox 330 4362 452 4402; x_wconf 67' lang='lat' dir='ltr'>mannans</span> <span class='ocrx_word' id='word_1_362' title='bbox 463 4345 539 4400; x_wconf 83' lang='lat' dir='ltr'>obelo</span> <span class='ocrx_word' id='word_1_363' title='bbox 550 4346 660 4400; x_wconf 70' lang='lat' dir='ltr'>notarat</span> <span class='ocrx_word' id='word_1_364' title='bbox 676 4347 689 4412; x_wconf 93' lang='grc'>11</span> <span class='ocrx_word' id='word_1_365' title='bbox 704 4346 891 4398; x_wconf 85' lang='lat' dir='ltr'>esseetmort.</span> <span class='ocrx_word' id='word_1_366' title='bbox 904 4343 1044 4398; x_wconf 84' lang='lat' dir='ltr'>Wmccrae</span> <span class='ocrx_word' id='word_1_367' title='bbox 1092 4340 1129 4399; x_wconf 87' lang='lat'>18</span> <span class='ocrx_word' id='word_1_368' title='bbox 1142 4339 1295 4394; x_wconf 86' lang='lat' dir='ltr'>filoscfosP</span> <span class='ocrx_word' id='word_1_369' title='bbox 1348 4339 1385 4397; x_wconf 89' lang='grc'>19</span> <span class='ocrx_word' id='word_1_370' title='bbox 1398 4354 1466 4407; x_wconf 86' lang='lat' dir='ltr'>quac</span> 
     </span>
     <span class='ocr_line' id='line_1_39' title="bbox 330 4424 1464 4499; baseline -0.006 -13"><span class='ocrx_word' id='word_1_371' title='bbox 330 4431 453 4486; x_wconf 86' lang='lat' dir='ltr'>docemus</span> <span class='ocrx_word' id='word_1_372' title='bbox 474 4447 534 4496; x_wconf 83' lang='lat' dir='ltr'>nos,</span> <span class='ocrx_word' id='word_1_373' title='bbox 552 4446 604 4484; x_wconf 89' lang='lat' dir='ltr'>non</span> <span class='ocrx_word' id='word_1_374' title='bbox 625 4429 695 4499; x_wconf 86' lang='lat' dir='ltr'>quod</span> <span class='ocrx_word' id='word_1_375' title='bbox 714 4429 867 4484; x_wconf 81' lang='lat' dir='ltr'>Heumann</span> <span class='ocrx_word' id='word_1_376' title='bbox 928 4429 968 4486; x_wconf 82' lang='lat'>20</span> <span class='ocrx_word' id='word_1_377' title='bbox 984 4426 1228 4498; x_wconf 84' lang='lat' dir='ltr'>praedicationibus</span> <span class='ocrx_word' id='word_1_378' title='bbox 1241 4426 1293 4496; x_wconf 84' lang='lat' dir='ltr'>Pr,</span> <span class='ocrx_word' id='word_1_379' title='bbox 1312 4443 1361 4480; x_wconf 83' lang='lat' dir='ltr'>em</span> <span class='ocrx_word' id='word_1_380' title='bbox 1388 4424 1464 4481; x_wconf 81' lang='lat' dir='ltr'>Hele·</span> 
     </span>
     <span class='ocr_line' id='line_1_40' title="bbox 332 4513 1054 4585; baseline -0.001 -14"><span class='ocrx_word' id='word_1_381' title='bbox 332 4519 398 4572; x_wconf 80' lang='lat' dir='ltr'>nine</span> <span class='ocrx_word' id='word_1_382' title='bbox 450 4517 486 4574; x_wconf 84' lang='lat'>21</span> <span class='ocrx_word' id='word_1_383' title='bbox 507 4533 547 4571; x_wconf 84' lang='lat' dir='ltr'>an</span> <span class='ocrx_word' id='word_1_384' title='bbox 557 4515 662 4570; x_wconf 84' lang='lat' dir='ltr'>imitati</span> <span class='ocrx_word' id='word_1_385' title='bbox 674 4513 759 4570; x_wconf 81' lang='lat' dir='ltr'>sunt?</span> <span class='ocrx_word' id='word_1_386' title='bbox 812 4515 850 4571; x_wconf 80' lang='lat'>22</span> <span class='ocrx_word' id='word_1_387' title='bbox 868 4517 1014 4585; x_wconf 82' lang='lat' dir='ltr'>pytagoras</span> <span class='ocrx_word' id='word_1_388' title='bbox 1026 4515 1054 4570; x_wconf 85' lang='grc' dir='ltr'><strong><em>Ρ</em></strong></span> 
     </span>
    </p>
   </div>
   <div class='ocr_carea' id='block_1_4' title="bbox 0 0 1663 5142">
    <p class='ocr_par' dir='ltr' id='par_1_4' title="bbox 0 0 1663 5142">
     <span class='ocr_line' id='line_1_41' title="bbox 0 0 1663 5142; baseline 0 0"><span class='ocrx_word' id='word_1_389' title='bbox 0 0 1663 5142; x_wconf 95' lang='lat' dir='ltr'> </span> 
     </span>
    </p>
   </div>
  </div>
 </body>
</html>
