3300 5142
331 554 375 619 50
739 542 883 597 Minucii
902 541 1029 596 Felicis

276 711 320 773 3⁵
372 707 413 770 Et
438 707 544 770 tamen
569 703 771 768 admonentur
796 699 935 764 homines
960 695 1210 760 doctissimorum
1223 689 1313 754 libris
1338 688 1370 752 et
1390 704 1460 750 car-

330 809 466 874 minibus
491 808 652 890 poetarum
682 805 768 869 iliius
797 802 881 886 ignei
908 798 1046 865 fluminis
1082 798 1113 861 et
1140 797 1177 860 de
1203 793 1313 878 Stygia
1343 789 1457 872 palude

330 912 451 993 saepius
466 909 632 975 ambientis
646 907 772 984 ardoris,
789 923 867 988 quae
882 901 1069 968 eruciatibus
1084 899 1216 966 aeternis
1231 893 1412 978 praeparata
1425 891 1460 956 et

329 1015 515 1079 daemonum
547 1012 670 1076 indiciis
696 1017 727 1074 et
757 1008 795 1074 de
825 1006 956 1072 oraculis
985 1003 1175 1088 profetarum
1207 999 1330 1084 cognita
1359 996 1459 1060 tradi-
1612 1065 1613 1102 Ξ

299 1117 450 1182 aderimt.
481 1118 513 1181 et
538 1115 606 1179 ideo
632 1112 714 1196 apud
736 1130 787 1178 eos
812 1112 908 1176 etiam
930 1111 996 1192 ipse
1016 1127 1068 1174 rer
1083 1105 1224 1189 Iuppiter
1238 1122 1292 1186 per
1307 1101 1459 1166 torrentes
1482 1123 1496 1162 a

329 1221 412 1304 ripas
432 1222 464 1284 et
484 1221 585 1284 atram
605 1217 786 1300 uoraginem
801 1215 885 1280 iurat
906 1212 1064 1298 religiose:
1095 1209 1282 1275 destinatam
1298 1206 1380 1271 enim
1396 1203 1459 1268 sibi

297 1337 401 1390 eoum
416 1323 480 1387 suis
495 1321 665 1386 cultoribus
680 1337 809 1403 poenam
823 1317 977 1400 praescius
992 1311 1203 1397 perhorrescit.
1224 1329 1280 1375 nee
1295 1307 1460 1374 tormentis

329 1430 385 1491 aut
400 1426 509 1490 modus
522 1425 605 1490 ullus
624 1427 679 1489 aut
698 1423 859 1488 terminus.
883 1421 950 1484 illio
964 1419 1084 1500 sepiem
1099 1415 1180 1500 ignis
1195 1412 1335 1478 membra
1349 1411 1412 1476 urit
1426 1410 1461 1474 et

328 1530 437 1608 reficit,
453 1529 599 1611 carpitet
612 1528 720 1594 nutrit.
737 1528 819 1592 siout
834 1527 921 1610 ignes
937 1524 1104 1588 fulminum
1119 1537 1244 1602 corpora
1256 1515 1390 1601 tangunt
1401 1532 1459 1580 nee
1612 1595 1613 1621 ᾖ

327 1633 511 1711 absumrmt,
536 1632 618 1697 sieut
633 1632 720 1716 ignes
730 1630 861 1694 Aetnaei
873 1627 985 1692 montis
1001 1624 1158 1692 etVesuui
1171 1621 1332 1686 mentiost
1347 1618 1496 1682 arden-10

327 1737 410 1801 tium
431 1735 544 1818 ubique
569 1736 722 1800 terrarum
743 1732 876 1817 flagrant
895 1749 952 1796 neo
967 1729 1145 1812 erogantur:
1176 1726 1222 1790 ita
1236 1723 1362 1807 poenale
1375 1719 1459 1784 illud

328 1837 505 1904 incendium
518 1857 579 1903 non
593 1839 714 1902 damnis
730 1835 906 1902 ardentium
928 1833 1074 1916 pasoitur,
1090 1829 1144 1895 sed
1160 1830 1283 1896 inexesa
1297 1841 1459 1907 corporum

297 1941 512 2007 4laceratione
541 1941 687 2006 nutritur.
725 1957 775 2004 eos
804 1939 909 2004 summ
948 1937 1058 2001 merito
1088 1933 1241 2016 torqueri,
1271 1930 1325 2013 qui
1354 1928 1459 1992 Deum

328 2045 478 2124 nesciunt,
494 2045 530 2108 ut
542 2044 664 2124 impios,
679 2043 716 2107 ut
727 2043 868 2119 iniustos,
884 2041 946 2107 nisi
956 2039 1099 2123 profanus
1110 2053 1199 2102 nemo
1211 2005 1370 2109 ddiberat,
1385 2061 1458 2107 cum

328 2149 486 2230 parentem
501 2147 639 2212 omnium
656 2148 687 2210 et
701 2146 841 2211 omnium
862 2145 1022 2210 dominum
1037 2163 1096 2208 non
1117 2145 1245 2209 minoris
1268 2143 1391 2208 sceleris
1414 2143 1493 2208 sitrr

297 2251 467 2335 tignorare
490 2269 583 2333 quam
602 2249 730 2315 laedere.
762 2249 794 2315 et
819 2245 1007 2331 quamquam
1028 2250 1172 2330 inperitia
1186 2252 1244 2316 Dei
1267 2251 1402 2320 sufficiat
1417 2255 1459 2320 ad

287 2347 291 2358 '
327 2371 466 2435 poenam,
481 2354 528 2418 ita
542 2354 577 2417 ut
591 2352 704 2418 notitia
718 2353 817 2435 prosit
831 2353 870 2418 ad
885 2353 1016 2429 ueniam,
1033 2355 1137 2418 tamen
1151 2355 1178 2420 si
1195 2357 1354 2421 nobiseum
1366 2356 1457 2422 Obri-

327 2457 422 2522 stiani
437 2474 658 2537 comparemur,
682 2456 825 2537 quamuis
839 2457 872 2521 in
887 2456 1042 2522 nonnullis
1058 2457 1222 2539 disciplina
1236 2463 1340 2524 nostra
1355 2461 1458 2525 minor

297 2561 383 2640 eost,
397 2557 498 2624 multo
512 2560 617 2623 tamen
631 2556 720 2622 uobis
739 2559 881 2624 meliores
897 2559 1165 2641 deprehendemur.
1197 2580 1252 2626 uos
1268 2562 1350 2627 enim
1365 2563 1456 2627 adul·

327 2661 406 2726 teria
427 2660 595 2742 prohibetis
617 2661 649 2725 et
674 2660 792 2740 facitis,
822 2682 878 2728 nos
892 2664 1036 2728 uxoribus
1058 2663 1172 2730 nostris
1188 2664 1379 2730 solummodo
1395 2665 1492 2730 uiriw

327 2763 499 2828 nascimur:
521 2781 577 2826 uos
592 2764 707 2829 scelera
720 2764 855 2830 admissa
870 2767 997 2847 punitis,
1020 2768 1102 2849 apud
1116 2785 1170 2832 nos
1185 2768 1217 2831 et
1232 2769 1368 2852 cogitare
1383 2788 1456 2851 peo-

326 2883 395 2930 oare
409 2867 470 2930 est:
487 2884 541 2931 uos
557 2866 692 2932 conscios
707 2868 835 2946 timetis,
853 2887 907 2932 uos
923 2868 1017 2934 etiam
1033 2871 1250 2936 conscientiam
1265 2871 1372 2951 solam,
1389 2872 1455 2938 siue

327 2988 388 3050 qua
407 2988 473 3035 esse
492 2987 552 3034 non
572 2988 753 3051 possumus:
776 2970 906 3054 denique
927 2972 964 3037 de
979 2973 1089 3037 ⁴uestro
1111 2992 1238 3040 numero
1254 2993 1355 3041 carcer
1368 2995 1457 3041 exae-

327 3074 423 3150 stuat,
450 3071 642 3138 Christianus
671 3074 716 3137 ibi
745 3075 848 3140 nullus
868 3075 929 3139 nisi
954 3077 1009 3141 aut
1030 3095 1100 3142 reus
1121 3097 1193 3143 snae
1220 3079 1378 3164 religionis
1402 3081 1457 3146 aut
1612 3143 1613 3154 ,

328 3176 486 3260 profugus.
1465 3202 1492 3245 rs

274 3284 318 3347 31
369 3278 435 3344 Neo
449 3279 486 3344 de
501 3280 566 3346 fato
580 3281 743 3363 quisquam
757 3281 812 3344 aut
822 3279 971 3346 solarium
980 3284 1081 3365 captet
1096 3286 1151 3349 aut
1162 3287 1284 3352 excuset
1293 3289 1455 3354 euentum:

328 3381 370 3446 sit
385 3399 450 3446 sors
465 3382 621 3462 fortunae,
643 3402 730 3448 mens
745 3383 850 3448 tamen
864 3384 962 3450 bbere
977 3389 1034 3464 est,
1057 3389 1088 3451 et
1110 3387 1178 3453 ideo
1201 3393 1289 3456 actus
1309 3390 1454 3472 hominis,

380 3567 545 3622 lhominnm
555 3568 685 3624 Gelenius
700 3572 712 3637 ΙΙ
729 3570 808 3624 libris
819 3589 854 3625 r:
875 3572 936 3626 liris
946 3573 974 3626 P
1028 3575 1090 3631 2de
1108 3576 1204 3647 Stygia
1220 3577 1317 3647 palude
1334 3585 1367 3633 at
1385 3579 1456 3649 yloe-

325 3670 402 3710 ecmu
411 3660 566 3723 aspertum
577 3655 695 3710 Daubio
745 3657 764 3714 3
777 3658 882 3728 saepius
895 3659 1038 3714 ambientis
1050 3661 1164 3733 ardoris]
1181 3665 1219 3718 sie
1227 3665 1262 3732 P,
1276 3681 1359 3734 paam
1368 3665 1456 3734 scrip-

328 3747 422 3795 turam
442 3746 558 3795 tueatur
577 3741 741 3810 interpretes
761 3743 819 3798 ooli.
838 3747 915 3816 Verp.
934 3745 1003 3800 Ara.
1019 3751 1045 3814 6,
1068 3753 1123 3804 439
1135 3751 1227 3804 nonies
1239 3751 1305 3822 Styx
1317 3753 1455 3818 interfusa,

328 3829 379 3882 ubi
390 3828 520 3883 Scrutare:
538 3843 632 3881 nouem
644 3829 738 3882 circuli
749 3829 842 3899 Stygis
854 3831 965 3897 inferos,
985 3833 1072 3888 idest
1092 3839 1192 3890 terram
1210 3838 1337 3907 cingnnt;
1355 3840 1457 3894 Vrcncr

328 3915 461 3968 mouit:
486 3913 561 3967 illins
573 3913 591 3967 i.
604 3913 723 3967 fluminis
734 3918 763 3968 et
774 3916 803 3969 in
814 3916 901 3986 inpios
920 3919 1064 3974 saeuientis
1086 3922 1188 3976 ardoris
1224 3917 1227 3922 ’
1240 3924 1259 3980 4
1276 3924 1384 3980 indiciis
1396 3927 1423 3980 P

328 4000 348 4055 6
367 3999 502 4054 destinata
514 4001 542 4054 P
588 3999 612 4056 8
630 4000 735 4070 rapiens
747 4001 905 4072 Meureiu35
928 4011 959 4060 ot
970 4022 996 4059 a.
1010 4005 1164 4076 Ripaltiwm
1176 4015 1202 4062 et
1214 4010 1284 4064 locor
1296 4011 1330 4064 ab
1342 4012 1456 4066 Elaten-

329 4086 432 4139 boretio
444 4086 554 4141 collatos
607 4086 645 4142 10
656 4087 769 4140 Aetnaei
784 4087 895 4144 Oeider:
909 4089 1005 4145 hennei
1018 4091 1051 4156 P,
1064 4093 1166 4148 Aetnae
1177 4111 1194 4148 r
1213 4097 1226 4163 {l
1246 4097 1344 4150 montis
1357 4098 1457 4154 deiecit

334 4170 465 4239 Vrsinus,
488 4177 604 4240 atroque
615 4173 672 4226 loco
689 4173 829 4228 Wowerao
848 4175 860 4242 ΙΙ
880 4175 947 4230 iesni
960 4178 999 4240 P,
1013 4177 1152 4234 Vesuuiir
1205 4181 1242 4237 12
1261 4182 1384 4238 ineraesa
1395 4185 1422 4238 P

332 4257 367 4316 15
384 4256 646 4313 minorieusceleris
658 4259 686 4312 Ρ
754 4260 788 4316 16
806 4261 893 4315 ledere
906 4263 934 4316 P
1007 4264 1043 4320 18
1062 4265 1121 4319 inor
1132 4267 1168 4335 P,
1186 4267 1235 4321 sed
1247 4268 1346 4323 addita
1366 4273 1392 4323 rh
1404 4287 1424 4324 s.
1437 4270 1455 4324 l.

326 4342 568 4413 prima(?)1moaa
614 4345 849 4402 20solumodoP¹
895 4349 930 4405 21
943 4350 1077 4404 noscimur
1088 4351 1242 4421 Woweraa;
1255 4360 1323 4408 atu.
1342 4356 1455 4410 Pericli.

331 4429 410 4496 Apol.
422 4433 472 4483 46:
486 4429 656 4486 Christianus
667 4432 743 4486 uxori
754 4449 817 4486 snae
835 4434 885 4488 soli
896 4437 1030 4490 masculus
1044 4438 1162 4492 nascitur
1214 4441 1251 4497 27
1266 4455 1322 4494 sors
1334 4440 1457 4514 fortunae

329 4513 499 4570 Heumann:
527 4517 607 4570 sortis
624 4518 746 4573 romanae
758 4521 812 4585 Pr,
831 4522 911 4575 sortis
932 4522 1039 4577 fortuna
1059 4524 1200 4592 Liadoer,
1220 4525 1309 4580 Fortia
1321 4526 1456 4582 Fortunae
