3300 5142
584 531 746 586 Octauius
764 546 784 584 a
804 529 914 586 9‹-11.
1050 484 1054 502 Ι
1271 527 1311 594 15

225 687 331 767 Quies
352 687 433 771 quod
459 688 524 751 toto
552 686 618 751 orbi
636 687 667 752 et
685 686 746 770 ipsi
766 685 881 750 mundo
903 703 974 749 oum
990 684 1142 750 sideribus
1162 682 1227 747 suis
1249 682 1310 748 mi·
1324 679 1359 742 11

181 794 295 860 uantur
309 792 503 871 incendium,
519 793 641 858 ruinam
656 790 842 868 moliuntur,
859 789 947 873 quasi
972 791 1027 855 aut
1047 790 1174 854 naturae
1195 786 1311 853 diuinis

181 896 305 982 legibus
319 895 506 961 cousdtutus
520 896 661 960 aeternus
676 893 749 959 ordo
764 893 908 959 turbetur
919 893 973 959 aut
987 893 1078 976 rupto
1090 891 1311 958 elementomm

182 998 322 1063 omnium
336 997 455 1064 foedere
470 999 502 1063 ct
516 997 642 1063 caelesti
656 1014 791 1081 conpage
806 995 908 1062 diuisa
923 995 1020 1061 moles
1035 995 1116 1074 ista,
1136 1013 1197 1078 qua
1212 992 1311 1058 eonti-

161 1101 273 1174 ,netur
293 1103 324 1165 et
339 1101 492 1185 cingitur,
514 1101 688 1167 subruatur.
716 1119 772 1165 nes
791 1101 850 1164 hac
872 1099 988 1166 furiosa
1009 1099 1150 1182 opinione
1176 1095 1340 1164 contentia

182 1202 280 1269 aniles
292 1202 412 1269 fabulas
427 1203 593 1269 adstruunt
607 1204 639 1268 11
652 1203 836 1269 adnectunt:
852 1203 969 1268 renasci
984 1221 1016 1268 se
1027 1202 1131 1267 ferumt
1145 1201 1215 1285 post
1229 1217 1312 1264 mor-

183 1307 248 1371 tem
263 1307 294 1372 et
309 1306 424 1373 cineres
438 1308 470 1371 et
485 1305 609 1372 feuillas
621 1307 759 1372 etnesoio
772 1325 833 1389 qua
845 1305 957 1372 fiducia
971 1305 1138 1371 mendaciis
1153 1305 1216 1368 suis
1230 1302 1312 1368 inui-

184 1429 251 1476 cem
266 1409 410 1475 credunt:
426 1411 515 1494 putes
531 1427 581 1475 eos
596 1409 661 1475 iam
680 1409 838 1475 reuixisse.
871 1427 981 1491 anceps
1002 1408 1121 1473 malum
1142 1410 1174 1473 et
1189 1406 1342 1492 geminas

184 1513 353 1591 dementia,
375 1513 458 1579 caelo
479 1515 511 1578 11
531 1513 639 1592 astris,
661 1533 740 1596 quae
760 1514 806 1578 sio
827 1512 1049 1594 relinquimus,
1071 1512 1106 1575 ut
1128 1509 1314 1589 insanimus,

35 1602 39 1610 ’
149 1644 177 1684 ro
185 1617 347 1682 interitum
362 1617 552 1695 denuntiare,
568 1616 628 1681 sibi
640 1617 773 1682 mortuis
788 1619 816 1680 et
831 1615 984 1694 extinctis,
1000 1615 1053 1697 qui
1065 1614 1145 1680 siout
1160 1612 1316 1678 nascimur

185 1721 217 1785 et
227 1719 401 1798 interimus,
417 1719 632 1785 aeternitatem
646 1719 875 1801 repromittere!
891 1717 962 1783 inde
973 1716 1119 1782 uidelicet
1129 1717 1160 1780 et
1172 1733 1344 1788 excursu-4

185 1824 237 1886 tur
251 1840 341 1906 rogos
355 1824 387 1887 et
402 1822 549 1888 damnant
563 1822 685 1906 ignium
700 1821 891 1906 sepulturas,
908 1820 997 1904 quasi
1016 1837 1077 1886 non
1091 1837 1180 1891 omno
1195 1835 1314 1901 corpus,

186 1925 245 1990 etsi
259 1924 395 1990 flammis
410 1925 624 2002 subtrahatur,
640 1925 728 1990 annis
743 1927 849 1990 tamen
864 1924 895 1989 et
910 1924 1063 1989 aetadbus
1083 1922 1116 1987 in
1137 1923 1252 1988 terram
1267 1940 1316 1985 re-

187 2029 340 2104 soluatur,
356 2045 412 2092 neo
426 2027 564 2105 intersit,
580 2029 688 2092 utrum
702 2027 783 2093 ferae
798 2027 948 2110 diripiant
969 2045 1008 2092 an
1022 2025 1120 2092 maris
1134 2025 1316 2090 consumant

151 2158 178 2199 a
187 2151 227 2197 an
240 2132 354 2196 humus
370 2133 515 2216 coungat
529 2151 568 2196 an
581 2131 709 2197 flamma
723 2132 890 2210 subducat,
913 2151 984 2197 cum
999 2129 1200 2196 cadaueribus
1215 2127 1315 2193 omnis

187 2233 361 2316 sepultura,
378 2233 404 2298 si
419 2234 571 2313 sentiunt,
586 2252 683 2317 pooua
697 2235 754 2312 sit,
770 2235 797 2298 si
811 2253 873 2300 non
887 2234 1042 2312 sentiunt,
1058 2234 1125 2316 ipsa
1136 2230 1315 2298 conficiendi

187 2336 345 2402 celeritate
365 2337 526 2403 medicina.
554 2335 732 2403 hocerrore
753 2338 874 2422 decepti
894 2338 1019 2403 beatam
1040 2337 1099 2401 sibi
1121 2337 1156 2400 ut
1175 2334 1263 2400 bonis
1285 2334 1344 2402 115

185 2439 343 2522 perpetem
364 2440 465 2505 uitam
486 2441 618 2506 mortuis
637 2441 839 2523 pollicentur,
863 2440 973 2507 ceteris
995 2441 1032 2505 ut
1045 2439 1172 2504 iniustis
1187 2455 1316 2521 poenam
1401 2471 1403 2477 2

187 2543 415 2625 sempiternam.
444 2545 547 2610 multa
561 2544 601 2610 ed
615 2545 689 2610 bueo
703 2546 887 2629 subpetunt,
909 2544 941 2610 ui
957 2544 1051 2611 festin
1068 2546 1083 2608 t
1097 2543 1202 2610 oratio.
1233 2541 1316 2606 iniu-

151 2648 252 2711 111111
267 2646 350 2730 ipsos
364 2647 536 2732 magisnec
550 2648 670 2727 laboro,
698 2648 763 2714 iam
777 2648 883 2713 docui:
915 2666 1117 2731 quamquam,
1139 2647 1197 2711 etsi
1219 2645 1317 2710 iustos

188 2749 309 2828 darem,
332 2749 454 2832 culpam
469 2752 573 2816 tamen
594 2752 645 2816 uel
665 2751 870 2817 innocentiam
894 2751 1075 2817 1111111111
1097 2750 1251 2816 sententis
1270 2751 1317 2813 est

188 2851 409 2935 plurimorum,
432 2852 527 2918 etiam
547 2854 652 2918 uestra
672 2855 827 2920 consensio
849 2854 904 2919 est.
934 2872 1007 2919 nam
1021 2853 1169 2936 qmcquid
1183 2853 1315 2936 agimus,
1328 2861 1352 2915 6-

188 2955 225 3018 ut
239 2954 293 3019 alii
308 2955 389 3034 fato,
411 2955 458 3021 ita
472 2974 527 3023 uos
541 2957 598 3021 deo
612 2956 774 3022 addicitis:
796 2958 841 3022 sic
857 2958 957 3022 sectae
976 2958 1096 3021 uestrae
1117 2975 1178 3022 non
1193 2956 1317 3038 sponta-

188 3075 260 3137 neos
275 3076 400 3140 cupere,
416 3060 470 3125 sed
485 3060 608 3126 electos.
630 3061 729 3144 igitur
743 3061 885 3143 iniquum
899 3059 1034 3125 iudicem
1049 3058 1168 3142 fingitis
1182 3059 1237 3140 qui
1252 3071 1345 3125 sor-7

155 3162 254 3226 ntem
268 3163 301 3226 in
315 3162 493 3227 hominibus
507 3164 630 3245 puniat,
653 3183 714 3229 uon
728 3163 930 3229 uoluntatem.
965 3162 1079 3228 uellem
1093 3163 1198 3227 tamm
1213 3159 1317 3225 scisci-

243 3383 259 3439 1
279 3382 331 3436 toti
344 3383 506 3437 Balduinns
557 3383 577 3439 4
594 3399 720 3453 compage
731 3401 759 3438 r:
781 3386 954 3454 compegotur
971 3385 1005 3448 P,
1023 3383 1071 3438 sed
1088 3387 1133 3438 tur
1141 3389 1317 3452 prenotatam,

190 3470 360 3537 compactura
376 3468 471 3522 Oebler
492 3470 505 3536 ΙΙ
525 3468 632 3523 diuulsa
645 3469 760 3525 01111111
772 3469 890 3526 Probat.
903 3471 963 3526 erit.
976 3487 998 3525 a
1010 3470 1063 3524 XI
1070 3476 1095 3526 et
1113 3471 1263 3526 Burmann
1280 3469 1319 3525 ad

194 3554 284 3610 Valer.
296 3553 392 3608 Flacc.
405 3555 430 3622 I,
442 3557 497 3609 139
517 3555 529 3622 ΙΙ
552 3570 619 3622 quae
631 3555 782 3610 continetur
792 3555 938 3620 Danisins,
952 3571 1004 3626 qus
1016 3557 1181 3611 continemur
1194 3556 1319 3626 11111ςί-

189 3657 250 3695 mur
261 3640 418 3707 Menrsr'as,
435 3645 468 3695 nt
485 3641 612 3695 nmilder
628 3648 667 3696 est
679 3642 757 3710 apud
768 3642 873 3697 Arnob.
889 3647 913 3710 1,
927 3645 946 3696 2
952 3663 962 3710 ;
981 3649 1011 3696 at
1024 3645 1059 3710 af.
1077 3643 1235 3712 Woptanen'
1246 3643 1317 3698 lectt.

194 3727 264 3782 Tau.
273 3742 303 3795 p.
317 3729 377 3782 228
430 3726 447 3783 7
466 3726 576 3782 sabillas
588 3728 624 3796 P,
636 3743 651 3781 e
664 3728 752 3783 cinere
764 3731 792 3782 et
807 3728 903 3782 fauilla
913 3729 1066 3783 Heumann
1115 3729 1152 3786 10
1163 3729 1277 3784 mortuis
1292 3731 1320 3783 et

191 3814 316 3868 extinctis
325 3812 458 3868 Vrsinus:
470 3816 499 3867 et
510 3830 559 3868 arra
573 3814 622 3876 Pr,
635 3816 721 3868 morte
734 3816 785 3868 ext
799 3814 952 3870 Hemnann
958 3834 969 3882 ;
993 3814 1112 3870 Vsenero
1124 3813 1237 3868 mortuis
1248 3815 1319 3884 plos-

190 3914 264 3954 serna
275 3900 388 3956 uidetur
440 3899 475 3957 13
494 3899 594 3954 aetatis
615 3900 644 3952 ui
655 3900 791 3955 1111111111
845 3897 882 3956 17
899 3898 1025 3954 boeotum
1045 3900 1072 3954 P
1096 3904 1105 3966 Ι
1130 3902 1161 3956 ut
1171 3901 1211 3953 P:
1230 3902 1285 3952 etr

193 3985 230 4043 18
248 3986 361 4040 mortuis
373 4003 401 4040 r:
414 3985 513 4040 mortui
529 3985 556 4039 P
607 3985 647 4042 20
665 3986 749 4055 ipsos,
768 3985 920 4055 magisnec
939 3985 1030 4040 laboro
1046 3986 1098 4040 1111
1109 4000 1202 4054 praue
1219 3984 1318 4040 distin·

191 4079 298 4141 pnnnt,
310 4073 361 4126 alii
373 4088 420 4125 neo
431 4070 522 4126 laboro
534 4073 566 4126 in
574 4072 737 4140 parenthesi
745 4077 873 4141 ponnnt;
886 4077 928 4137 al,
942 4072 974 4126 ni
982 4072 1118 4139 fallimur,
1130 4071 1197 4126 baec
1207 4077 1318 4128 senten·

191 4157 233 4212 tia
241 4163 295 4212 est:
312 4158 427 4211 iniustos
439 4157 511 4226 ipsos
523 4157 612 4226 magis
623 4173 680 4212 esse
692 4174 725 4213 ne
736 4157 828 4212 laboro
837 4157 944 4227 quidem
958 4157 1062 4222 docere,
1085 4156 1130 4212 sed
1142 4157 1197 4211 ism
1208 4156 1285 4212 docui

141 4242 145 4248 ’
191 4243 229 4300 21
248 4243 383 4298 sententis
395 4246 437 4298 est
453 4243 570 4299 Vrsinus
582 4243 640 4313 (sed
651 4244 699 4298 dle
709 4245 770 4299 sina
781 4246 849 4314 estJ:
871 4243 1013 4298 sententiis
1026 4245 1081 4308 Pr,
1104 4243 1243 4314 culpam..
1263 4244 1319 4298 1111

191 4328 278 4382 tribui
286 4329 428 4383 sententiis
440 4329 615 4399 plurimorum
627 4330 701 4384 noui:
716 4330 821 4384 ethaeo
833 4347 858 4384 u.
873 4329 978 4386 Vahlen
987 4330 1097 4399 (tribuit
1106 4330 1241 4384 sententis
1249 4329 1318 4399 plur.

192 4416 220 4468 et
231 4414 296 4469 haec
306 4418 398 4470 uestra
409 4415 493 4470 etiam
504 4431 573 4470 ocus.
583 4419 626 4470 est
637 4417 799 4485 Heumann)
845 4417 884 4474 22
897 4417 980 4471 etism
990 4415 1133 4471 Gelenius:
1146 4418 1174 4470 et
1185 4417 1251 4470 haec
1260 4415 1318 4484 Pr,-

191 4517 231 4555 an
242 4500 354 4555 1111111
406 4501 444 4557 23
463 4501 589 4556 addicitis
611 4501 756 4557 Gelenius:
775 4502 868 4557 dicitis
885 4503 939 4566 Pr,
959 4502 1057 4557 dicetis
1073 4501 1210 4558 Daunius
