3300 5142
629 523 793 579 Octauius
811 540 833 577 c.
853 524 972 581 37-38.
1315 526 1359 593 53

234 679 354 745 hostiae
376 679 417 744 ad
431 696 560 762 poenam
581 679 781 744 coronantur:
807 678 841 744 in
855 679 912 743 hoc
927 678 1001 744 adeo
1021 679 1148 761 quidam
1168 679 1307 762 imperiis
1322 698 1359 745 ac

235 781 495 849 dominationibus
509 782 681 866 eriguntur,
696 783 733 847 ut
745 782 905 866 ingenium
920 800 1025 847 eorunm
1036 782 1173 864 perditae
1184 784 1301 849 mentes
1316 783 1358 848 li·

236 885 508 969 centiapotestatis
519 885 615 950 libere
625 884 841 951 nundinentur.
859 886 974 968 absque
983 884 1066 950 enim
1080 885 1192 952 notitia
1208 886 1266 951 Dei
1281 894 1387 969 quaet

235 990 337 1073 potest
360 1006 425 1054 esse
448 988 546 1053 solida
565 986 717 1069 felicitas,
748 1007 818 1053 cum
843 1006 927 1053 mors
952 988 1015 1053 sit?
1041 989 1158 1053 somnio
1173 988 1286 1055 similis
1302 1008 1358 1053 an-

202 1116 214 1157 a
235 1095 361 1176 tequam
376 1092 511 1170 bnetur,
533 1091 674 1157 elabitur.
705 1111 758 1158 rex
772 1095 825 1157 es?
847 1092 900 1157 sed
915 1092 981 1157 tam
1003 1091 1096 1157 times
1116 1110 1210 1174 quam
1226 1091 1386 1171 timeris,9

236 1198 268 1262 et
282 1194 453 1279 quamlibet
473 1194 515 1258 sis
534 1195 636 1259 multo
657 1193 805 1260 comitatu
820 1194 973 1279 stipatus,
999 1194 1039 1260 ad
1059 1195 1231 1279 periculum
1253 1196 1358 1261 tamen

235 1299 319 1364 solus
334 1316 374 1363 es.
391 1298 478 1362 diues
492 1301 552 1363 es?
572 1298 626 1363 sed
642 1296 784 1363 fortunae
803 1298 885 1363 male
907 1297 1042 1363 creditur
1062 1298 1094 1362 st
1114 1314 1225 1382 magno
1243 1297 1357 1363 uiatico

235 1402 328 1468 breue
342 1401 426 1465 uitae
440 1400 500 1465 iter
513 1417 574 1464 ncn
587 1400 768 1483 instmitur,
784 1400 838 1466 sed
853 1401 1003 1467 oneratur.
1019 1399 1153 1465 fascibus
1168 1402 1199 1465 et
1214 1400 1358 1483 purpuris
1370 1406 1409 1459 10

236 1503 400 1589 gloriaris?
415 1522 513 1569 uanus
528 1522 611 1569 error
624 1503 758 1567 hominis
772 1503 804 1567 et
814 1502 914 1567 inanis
929 1503 1030 1569 cultus
1045 1502 1221 1586 diguitatis,
1238 1502 1358 1589 fulgere

201 1624 380 1690 repurpura,
395 1608 499 1672 mente
513 1606 691 1672 sordescere.
707 1605 870 1671 nobilitate
885 1622 1048 1689 generosus
1061 1608 1115 1671 es?
1129 1607 1270 1687 parentes
1285 1608 1356 1672 tuos

234 1710 368 1775 laudas?
392 1726 497 1775 omnes
520 1710 624 1773 tamen
645 1709 711 1791 peri
732 1709 814 1773 sorte
828 1708 998 1787 nascimur,
1027 1707 1092 1774 sola
1112 1709 1229 1773 uirtute
1243 1709 1357 1773 distin-

235 1813 369 1898 guimur.
381 1830 436 1877 nos
450 1812 557 1896 igitur,
573 1813 626 1894 qui
638 1812 774 1876 moribus
789 1814 821 1878 et
832 1811 946 1893 pudere
961 1829 1128 1890 censemur,
1144 1810 1253 1877 meritc
1266 1812 1358 1877 malis
1370 1816 1408 1873 11

235 1915 449 1999 uoluptatibus
464 1916 496 1979 et
509 1914 631 1998 pompis
643 1915 755 1980 uestris
769 1916 802 1980 et
812 1914 1210 1999 spectaculisabstinemus,
1228 1932 1358 1997 quorum

235 2019 267 2083 et
281 2018 319 2083 de
333 2018 427 2083 sacris
454 2018 606 2101 originem
619 2018 762 2083 nouimus
790 2019 821 2083 et
835 2018 925 2083 noxia
939 2016 1150 2083 blandimenta
1165 2018 1356 2083 damnamus.

200 2139 307 2186 renam
321 2120 451 2185 inludis
466 2120 638 2186 currulibus
653 2121 722 2203 quis
738 2138 800 2185 non
814 2122 935 2186 horreat
949 2120 1054 2204 populi
1073 2119 1106 2185 in
1120 2138 1152 2184 se
1166 2119 1295 2185 rixantis
1309 2120 1358 2184 in-

235 2224 377 2290 saniam?
392 2223 425 2289 in
439 2224 630 2305 gladiatoriis
645 2224 806 2290 homicidii
821 2224 1038 2306 disciplinam?
1060 2224 1092 2289 in
1114 2225 1241 2290 scenicis
1262 2222 1409 2288 etiem12

234 2345 295 2392 non
307 2326 409 2392 minor
422 2325 507 2391 furor
521 2328 553 2392 et
566 2326 727 2410 turpitude
742 2326 902 2409 prolixior:
918 2346 999 2392 nunc
1013 2326 1096 2392 enim
1111 2327 1225 2393 mimus
1240 2326 1291 2391 uel
1306 2344 1358 2390 en·

232 2429 321 2511 penit
334 2430 487 2495 adulteria
500 2430 551 2495 uel
565 2430 732 2509 monstrat,
754 2448 835 2496 nuuc
855 2429 975 2496 eneruis
1000 2430 1111 2495 histrio
1127 2448 1264 2495 amorem
1282 2428 1358 2493 dum

234 2532 339 2616 fingit,
354 2532 486 2617 infligit:
501 2533 584 2599 idem
600 2533 671 2599 deos
683 2536 800 2600 uestros
815 2534 968 2600 induendo
983 2535 1105 2617 stupra,
1121 2532 1268 2617 suspiria,
1287 2531 1358 2597 odia

200 2635 412 2716 adedemrat,
432 2636 517 2701 idem
537 2636 693 2702 simulatis
720 2638 877 2703 doloribus
898 2637 1042 2703 lacrimas
1067 2638 1186 2701 nabes
1200 2636 1289 2701 uanis
1304 2654 1359 2719 ge·

234 2738 334 2803 subus
349 2739 382 2803 et
395 2739 522 2805 nutibus
535 2740 695 2822 prouocat:
712 2740 757 2806 sic
770 2740 974 2807 homicidium
993 2741 1026 2805 in
1052 2759 1124 2805 uero
1139 2738 1304 2825 flagitatis,
1326 2737 1359 2803 in

234 2842 392 2908 mendacio
407 2842 498 2907 fletis.

276 2943 364 3023 Quod
379 2962 452 3010 nero
466 2944 685 3010 sacrificiorum
704 2944 850 3028 reliquias
865 2945 897 3010 et
912 2946 1021 3029 pocula
1036 2944 1173 3010 delibata
1188 2942 1358 3010 contemni·
1369 2940 1410 3003 38

234 3066 320 3127 mus,
336 3066 396 3113 non
411 3048 559 3114 confessio
574 3048 696 3113 timoris
711 3049 772 3127 est,
785 3048 839 3113 sed
854 3066 943 3112 uerae
958 3047 1112 3113 libertatis
1128 3046 1269 3111 adsertio.
1285 3065 1359 3111 nem

198 3169 224 3212 a
234 3150 293 3215 etsi
307 3168 396 3214 omne
412 3150 492 3232 qnod
507 3151 644 3216 nascitur
654 3152 691 3215 ut
702 3150 882 3215 inuiolabile
893 3150 950 3215 Dei
963 3168 1074 3215 munus
1089 3150 1174 3214 nullo
1186 3166 1274 3231 opere
1287 3164 1358 3211 con-

233 3252 397 3335 rumpitur,
413 3253 603 3319 abstinemus
614 3254 728 3334 temen,
743 3255 863 3337 nequis
878 3272 935 3319 aes
946 3254 1102 3319 existimet
1113 3254 1168 3318 aut
1179 3250 1357 3329 daemoniis

234 3353 345 3437 quibus
365 3354 501 3420 libatum
521 3356 582 3434 est,
613 3356 717 3422 cedere
738 3356 793 3422 aut
811 3358 933 3423 nestrae
953 3356 1111 3443 religionis
1133 3355 1256 3439 pudere.
1289 3354 1387 3438 quis2

284 3640 303 3696 2
320 3637 442 3709 perditae
454 3639 553 3693 mentis
573 3641 698 3695 licentiae
711 3643 762 3711 Pr,
774 3658 822 3697 cm.
836 3642 977 3713 Ripaltius
989 3644 1031 3711 (ut
1043 3642 1184 3698 interitum
1198 3660 1288 3699 eorum
1299 3659 1360 3714 per·

231 3724 305 3780 ditae
314 3727 416 3781 mentes
425 3725 537 3781 licentia
544 3728 688 3796 potestatis
697 3728 715 3781 l
725 3728 905 3783 nundinentur
916 3730 954 3783 Ιο.
965 3728 1040 3784 Dan.
1051 3730 1085 3783 ab
1093 3730 1206 3799 Horten)
1251 3729 1270 3785 4
1289 3744 1359 3783 mors

232 3812 334 3866 deleuit
349 3811 490 3877 salmias,
509 3828 552 3866 res
572 3813 727 3878 Hercldas,
756 3830 864 3883 prorsus
880 3814 972 3869 Veraci:
992 3816 1026 3869 L.
1048 3817 1082 3869 L.
1105 3818 1157 3882 60,
1176 3820 1206 3869 ct
1215 3815 1359 3869 Minacias

231 3898 420 3967 ignorantiam
432 3898 477 3953 dei
488 3898 556 3953 dicit
566 3906 678 3955 monem
738 3901 757 3959 5
774 3916 802 3955 cs
814 3900 860 3955 scd
872 3900 1026 3971 Ripalte'us:
1045 3903 1115 3955 esset
1127 3901 1155 3954 P
1161 3918 1205 3969 pr.
1219 3918 1266 3965 aa,
1291 3916 1319 3954 cs
1332 3902 1359 3954 et

232 3984 260 4037 P
270 4000 340 4038 corr.
352 4001 387 4038 m.
400 3987 427 4048 2,
441 4000 522 4038 esser
587 3986 625 4042 10
636 3986 791 4040 nobilitates
803 3987 851 4052 P¹,
863 3987 910 4041 scd
923 4005 935 4042 s
948 4004 1029 4042 masa
1093 3988 1129 4046 15
1150 3986 1300 4041 currulibus
1313 3988 1357 4042 P:

231 4070 367 4124 curulibus
388 4070 448 4125 cdd.
473 4072 486 4138 11
508 4071 783 4127 interscHeumamc
853 4073 887 4130 17
908 4074 981 4127 furor
998 4074 1193 4149 etMeeorsirce:
1215 4072 1302 4127 tumre
1324 4074 1357 4137 P,

230 4156 303 4210 inrcr
315 4173 342 4224 r,
364 4156 437 4211 furor
448 4160 491 4211 cst
502 4158 643 4213 Heraldus
708 4158 744 4216 19
768 4160 860 4229 infigit
880 4176 1035 4230 anonym
1051 4159 1219 4215 Parecbasis
1234 4165 1313 4228 recte,
1326 4165 1359 4214 ret

230 4242 356 4309 sidetem
376 4244 413 4310 cf.
431 4244 511 4299 Lao.
528 4244 565 4299 D.
580 4246 602 4299 L
620 4245 669 4313 VI,
681 4248 730 4314 20,
743 4248 796 4299 29.-
819 4246 1013 4300 histrionum..
1040 4247 1130 4299 motus
1141 4246 1206 4314 quid
1218 4244 1291 4299 aliud
1303 4244 1357 4298 nisi

230 4326 357 4383 libidines
368 4329 462 4384 docent
473 4333 502 4385 et
512 4330 648 4400 instigant
659 4332 673 4385 ‘l
690 4334 703 4400 ΙΙ
720 4330 968 4397 inducendchaclc
979 4332 1024 4401 (L.
1035 4333 1067 4387 L.
1080 4332 1128 4401 60)
1137 4337 1161 4386 et
1171 4331 1322 4387 Heumann

231 4413 268 4469 23
279 4416 447 4469 contemnim’
457 4417 491 4483 P,
501 4418 548 4472 sed
558 4417 602 4473 im‘
612 4419 644 4472 in
653 4434 707 4472 ras.
718 4422 783 4473 Μ
829 4418 867 4475 26
880 4434 927 4473 nos
939 4418 1204 4475 addidiffleamcon
1249 4417 1287 4473 27
1301 4432 1356 4471 crc-

209 4508 217 4517 ·
231 4499 292 4554 dero
304 4501 447 4557 Mearsiue
