3300 5142
349 535 415 588 xlv

348 690 443 764 illud
465 703 497 765 et
531 691 604 789 ipsi
635 692 672 763 in
708 690 776 766 hac
798 691 949 790 quidem
986 692 1159 765 orationis
1195 689 1474 765 conformatione

349 810 559 884 nonhabet
591 835 665 907 quo
702 822 785 911 apte
815 812 1004 886 referatur.
1038 821 1076 884 at
1103 811 1305 885 Minucium
1333 811 1384 883 sic
1406 835 1472 882 non

350 930 536 1030 scripsisse
558 932 662 1004 testis
684 942 740 1004 est
761 933 839 1031 ipse
862 932 980 1006 codex
1002 931 1207 1022 Parisinus,
1237 929 1395 1030 quinon
1418 930 1474 1002 ba·

348 1049 411 1123 bct
425 1042 607 1149 ‘quamdiu
621 1039 721 1141 eum,
745 1052 810 1126 sed
832 1043 1013 1150 ‘quamdiu
1028 1052 1122 1126 enam
1140 1077 1252 1126 eum..
1277 1063 1370 1125 coste
1386 1051 1473 1125 colu-

349 1160 472 1246 aam'.
511 1171 597 1243 hinc
626 1169 784 1244 efficitur
812 1170 858 1244 ab
880 1171 935 1245 his
959 1172 1083 1246 uerbis
1106 1198 1243 1246 nouam
1266 1172 1476 1246 sententiam

349 1289 481 1381 ordiri,
521 1291 567 1362 ad
593 1290 717 1389 priora
751 1302 876 1366 autem
908 1292 1005 1366 ‘nam
1032 1293 1161 1391 stapsi
1185 1295 1288 1367 deum
1313 1275 1474 1365 nostrum'

350 1409 524 1498 uerbum,
548 1435 621 1508 quo
640 1413 869 1485 enuntiatum
889 1412 1120 1503 absoluatur,
1144 1412 1359 1487 desiderari:
1383 1410 1475 1509 quod

350 1530 457 1629 quale
478 1531 588 1604 fuerit
610 1543 709 1606 certo
732 1531 890 1606 diuinari
911 1560 986 1607 non
1008 1543 1146 1633 potest,
1175 1534 1238 1606 sed
1271 1533 1477 1632 scripsimus

347 1641 446 1725 ‘nom
480 1663 512 1726 et
543 1651 617 1750 apsi
646 1654 749 1726 deum
781 1671 978 1728 nostrum..
1006 1654 1143 1752 auperti
1178 1643 1281 1743 sunt',
1317 1663 1360 1725 ut
1382 1651 1477 1724 loeus

349 1771 477 1846 saltem
496 1773 690 1845 commode
708 1772 779 1870 legi
802 1783 838 1846 et
859 1785 958 1847 recte
977 1773 1136 1872 intellegi
1154 1782 1288 1873 posset.
1315 1771 1377 1845 tali
1397 1795 1479 1868 sup-

349 1891 532 1991 plemento
556 1891 720 1965 adhibito
748 1893 821 1966 iam
850 1893 939 1966 illud
968 1905 1000 1968 et
1032 1894 1104 2004 ipsi
1124 1918 1192 1967 suo
1216 1893 1296 1966 loco
1319 1893 1478 1991 positum

349 2011 516 2085 uidetur:
556 2023 593 2086 et
628 2013 698 2112 ipsi
733 2014 841 2086 deum
876 2015 1020 2113 experti
1056 2024 1163 2103 sunt,
1205 2024 1249 2086 ut
1271 2037 1398 2086 omnes
1421 2009 1477 2108 qui

350 2156 434 2205 eum
456 2131 627 2232 religiose
649 2133 842 2207 coluerunt
864 2159 929 2208 nee
962 2133 1006 2206 ab
1030 2135 1107 2207 eius
1130 2131 1322 2233 disciplina
1345 2131 1478 2206 defece-
1581 2218 1582 2244 Χ

349 2264 446 2326 runt.
475 2278 560 2327 cum
581 2265 703 2328 autem
726 2265 783 2328 tot
798 2255 948 2352 indiciis
978 2255 1178 2329 manifestis
1202 2251 1479 2354 comprobatum
1582 2297 1583 2300 =

349 2397 428 2447 esse
449 2372 621 2448 uideatur
643 2375 680 2448 in
707 2375 961 2475 compluribus
986 2377 1104 2451 nostri
1126 2374 1235 2449 libelli
1258 2374 1347 2449 loeis
1371 2397 1479 2446 unum

349 2493 501 2593 pluraue
523 2493 700 2569 uocabula
721 2495 955 2570 librariorum
978 2496 1208 2596 neglegentia
1225 2493 1481 2596 praetermissa

351 2639 447 2705 esse,
475 2614 548 2686 iam
571 2640 682 2688 nemo
704 2615 917 2706 mirabitur,
946 2618 1045 2715 quod
1075 2643 1142 2690 nos
1165 2641 1312 2715 quoque
1335 2614 1380 2687 ad
1404 2613 1480 2686 illos

348 2732 572 2826 infinitiuos‚
609 2733 675 2833 qui
704 2761 739 2834 p.
765 2739 799 2824 8,
824 2739 846 2808 9
871 2763 949 2835 sqq.
973 2737 1019 2836 (c.
1043 2741 1064 2809 5
1090 2739 1110 2831 ξ
1134 2737 1174 2834 9)
1207 2734 1310 2834 quasi
1341 2734 1378 2807 in
1404 2738 1481 2806 aere

349 2853 548 2952 pendentes
571 2854 763 2954 leguntur,
790 2855 949 2930 uerbum
973 2883 993 2929 a
1016 2881 1090 2955 quo
1113 2855 1282 2956 suspensi
1305 2854 1380 2929 sint
1398 2878 1481 2927 cum

350 2972 608 3048 Heumanno
632 2977 846 3050 desiderare.

403 3093 488 3194 Cap.
515 3099 574 3187 14,
601 3100 618 3167 1
646 3096 933 3170 emendationem
957 3097 1153 3197 palmarem
1173 3097 1220 3171 G.
1245 3097 1283 3170 F.
1308 3097 1343 3171 S.
1367 3095 1488 3170 Stia·-

350 3215 446 3289 beri
469 3214 644 3291 Onoldini
675 3241 723 3289 ex
750 3212 1019 3316 programmate
1051 3216 1236 3291 obliuione
1272 3215 1408 3290 obruto
1447 3215 1481 3286 in

350 3336 471 3410 lucem
494 3336 762 3436 protraximus3
788 3336 932 3410 isenim
950 3338 1158 3433 acutissime
1180 3336 1361 3411 intellexit
1383 3337 1484 3434 inep-

345 3467 426 3558 tam
457 3457 651 3532 lectionem
678 3471 859 3528 PISTORUM
892 3469 1010 3532 ortam
1042 3481 1121 3532 esse
1153 3483 1199 3531 ex
1221 3460 1378 3556 genuina
1411 3469 1484 3526 ΧΡΙ-

351 3580 507 3657 ΕΤΟΒΠΜ,
535 3581 557 3654 i.
582 3605 611 3652 e.
635 3578 919 3654 christianorum.
942 3579 1039 3652 huno
1061 3578 1240 3669 libellum,
1264 3601 1484 3676 quamquam

351 3701 427 3774 eius
449 3698 579 3772 titulus
596 3701 633 3772 in
654 3697 874 3772 editionibus
895 3697 1025 3772 Bernh.
1049 3697 1249 3773 Luebkerti
1267 3709 1304 3771 st
1321 3695 1485 3770 Eduardi

352 3820 397 3894 de
432 3819 589 3893 Muralto
625 3818 821 3910 indicatur,
862 3819 983 3892 nullus
1019 3845 1164 3911 eorum,
1205 3820 1268 3917 qui
1291 3817 1485 3893 Octauium

351 3940 562 4031 ediderunt,
605 3940 752 4014 uidetur
785 3939 937 4030 uidisse,
981 3964 1057 4012 non
1096 3938 1213 4038 magis
1250 3964 1358 4037 quam
1386 3937 1421 4010 d.
1447 3936 1484 4012 O.

352 4059 552 4133 Bremeri
588 4058 777 4160 epistolam
815 4059 978 4133 criticam
1013 4085 1121 4158 super
1161 4057 1300 4157 aliquot
1335 4055 1486 4130 Minucii

351 4177 441 4251 locis
460 4177 746 4279 (Quedlinburgi
768 4183 813 4252 17
817 4183 875 4252 80.
896 4179 970 4276 4⁰),
993 4204 1104 4277 quam
1127 4206 1173 4254 ne
1195 4178 1302 4254 nobis
1327 4179 1488 4277 quidem,

353 4325 571 4397 quamquam
593 4299 630 4374 in
654 4300 789 4400 uiginti
811 4300 888 4374 fere
911 4299 1140 4375 bibliothecis
1164 4299 1318 4400 publicis
1342 4299 1493 4400 quaesi·-

354 4419 496 4511 nimus,
520 4423 685 4496 inuenire
707 4419 873 4519 contigit.
