3300 5142
685 502 756 573 Gap.
775 502 891 561 28-29.
1300 511 1361 575 129

228 659 415 743 Apocalypsi
430 660 515 725 totus
530 659 603 724 ordo
618 658 754 741 responsi
775 660 837 739 661,
870 660 916 726 116
948 662 1031 727 enim
1057 662 1207 745 scriptum
1233 667 1296 730 ost:
1319 657 1364 730 ‘si

229 766 314 847 quis
347 765 481 831 adorat
513 765 678 830 bestiam
721 766 757 829 61
789 765 995 850 imaginem
1028 767 1110 833 eius
1145 769 1182 833 61
1216 769 1364 852 accipit

228 870 357 934 notam
378 868 417 933 in
439 867 565 934 fronte
597 887 663 933 sua
691 867 794 933 6116
820 889 947 950 manu,
983 871 1093 937 bibet
1125 874 1163 938 61
1196 872 1283 958 ipse
1316 874 1360 940 (16

229 972 316 1037 6166
339 973 419 1037 irae
447 971 522 1051 dei,
545 971 664 1037 mixto
686 970 725 1036 in
745 972 881 1054 poculo
903 973 982 1040 irae
1004 976 1101 1055 eius,
1125 978 1361 1061 etpunietur

199 1075 317 1160 signe
341 1079 378 1143 61
401 1076 587 1159 sulphure
608 1076 676 1140 sub
699 1075 824 1142 oculis
847 1080 950 1163 agni,
989 1081 1026 1145 61
1059 1078 1186 1145 fumus
1219 1082 1262 1146 (16
1286 1082 1361 1146 tor-

231 1182 377 1249 mentis
409 1197 538 1245 corum
571 1178 610 1243 in
633 1178 792 1244 saecula
813 1182 1052 1248 saeculorum
1075 1183 1269 1262 ascendet,
1292 1203 1361 1249 nec

228 1285 427 1351 habebunt
450 1282 625 1365 requiem
647 1282 708 1347 die
736 1302 777 1349 ac
807 1285 919 1351 nocte
946 1287 1178 1369 quicumque
1200 1288 1363 1352 adorant

227 1390 398 1455 bestiam
420 1391 458 1455 61
479 1388 688 1473 imaginem
710 1377 813 1454 eius.³

273 1494 332 1561 Sed
348 1496 379 1560 61
395 1494 499 1573 uobis,
515 1494 720 1560 sacratissimi
735 1494 952 1578 imperatores,
969 1497 1008 1561 ad
1020 1496 1242 1561 uindicandum
1257 1496 1289 1561 61
1302 1515 1360 1578 pu·
1373 1512 1414 1574 pp

193 1600 377 1666 uniendum
406 1600 465 1665 hoo
490 1599 610 1679 malum
640 1597 806 1664 necessitas
835 1599 1006 1681 imperatur
1025 1601 1030 1681 Ι
1049 1601 1081 1664 61
1106 1601 1163 1664 hoc
1188 1599 1276 1663 uobis
1301 1599 1472 1672 Deiruaa.

228 1704 343 1769 summi
372 1704 441 1788 lege
467 1702 670 1785 praecipitur,
693 1702 730 1768 ul
752 1702 901 1767 seueritas
916 1702 1019 1767 uestra
1033 1701 1226 1768 idololatriae
1241 1702 1360 1767 facinus

229 1807 427 1874 omnifariam
453 1807 663 1889 persequatur.
698 1805 804 1871 audite
819 1806 851 1871 61
865 1805 1077 1871 commendate
1092 1806 1206 1871 sanctis
1221 1806 1361 1871 sensibus

226 1912 357 1990 uestris,
381 1909 456 1992 quid
483 1910 521 1975 de
544 1910 604 1974 isto
625 1909 760 1976 facinore
775 1910 859 1975 Deus
874 1910 989 1975 iubeat.
1013 1909 1045 1974 in
1060 1910 1297 1975 Deuteronomio
1312 1910 1361 1974 ler

225 2014 287 2079 ista
309 2014 479 2096 perscripta
501 2014 563 2092 661,
592 2014 638 2080 611
653 2012 751 2079 enim:
782 2006 930 2095 ‘quodsi
952 2013 1155 2098 rogauorit
1176 2015 1213 2079 16
1236 2014 1361 2080 frater

190 2116 851 2183 6166666111116616666616661
877 2121 958 2198 tua,
1000 2138 1094 2202 quae
1122 2119 1182 2183 est
1208 2119 1247 2184 in
1270 2119 1361 2184 sinu

224 2223 307 2300 tuo,
333 2222 399 2286 aut
421 2221 566 2287 amicus
589 2224 695 2301 tuus,
719 2223 783 2303 qui
805 2223 864 2287 est
885 2222 1060 2306 aequalis
1083 2223 1358 2302 animantum,

224 2324 393 2389 latenter
414 2324 561 2391 dicens:
585 2346 712 2392 eamus
734 2328 772 2391 61
793 2327 1009 2392 seruiamus
1033 2326 1110 2391 diis
1133 2326 1245 2405 aliis,
1280 2327 1358 2391 diis

224 2428 417 2514 gentium,
451 2446 523 2494 non
545 2432 763 2498 consenties
794 2431 827 2496 ei
851 2432 983 2497 utnon
1006 2431 1192 2497 exaudies
1216 2450 1300 2496 eum
1322 2433 1359 2496 61

223 2551 294 2598 666
315 2534 447 2615 parcet
469 2534 601 2599 oculus
623 2536 712 2601 tuus
728 2553 937 2618 supereum
957 2535 1080 2600 61666
1095 2534 1242 2601 celabis
1257 2556 1357 2603 eum:

189 2636 458 2704 roadnuntians
480 2638 735 2705 adnuntiabis
758 2640 802 2705 de
822 2639 911 2704 illo:
948 2656 1080 2703 manus
1108 2640 1174 2705 tua
1201 2641 1277 2706 erit
1299 2660 1357 2706 su-

223 2760 290 2824 per
322 2761 405 2807 eum
438 2742 475 2807 in
507 2742 644 2825 primis
665 2744 896 2811 interlicere
917 2762 1000 2807 eum
1024 2745 1062 2808 et
1083 2763 1215 2809 manus
1237 2746 1359 2810 omnis

223 2847 355 2930 populi
388 2848 596 2930 postremo,
634 2847 672 2911 61
705 2848 943 2932 lapidabunt
980 2866 1061 2911 eum
1094 2848 1132 2911 61
1162 2849 1357 2928 morietur,

224 2952 400 3036 quoniam
416 2951 613 3035 quaesiuit
635 2954 819 3019 auertere
842 2952 879 3017 16
902 2971 921 3017 6
943 2950 1093 3017 domino
1116 2941 1202 3017 tuo'
1224 2954 1389 3022 necfilioa

225 3056 313 3121 iubet
327 3056 413 3139 parci
430 3075 484 3121 nec
498 3056 590 3121 fratri
605 3058 638 3122 61
651 3077 707 3141 per
720 3058 824 3122 amata
836 3054 975 3140 coniugis
986 3057 1125 3122 membra
1137 3056 1277 3141 gladium
1289 3058 1359 3123 uin-

189 3160 331 3224 asdicsm
356 3160 458 3224 ducit:
481 3160 617 3225 amicum
643 3180 764 3244 quoque
788 3159 917 3225 sublimi
938 3161 1104 3225 seueritate
1119 3161 1314 3244 persequitur
1328 3164 1359 3228 61

228 3265 267 3329 61
281 3264 480 3347 discerpenda
495 3265 717 3351 sacrilegorum
732 3284 859 3348 corpora
874 3264 974 3329 onmis
988 3265 1120 3348 populus
1135 3268 1289 3332 armatur:
1309 3268 1358 3332 in-

226 3367 325 3451 tegris
340 3367 435 3433 etiam
450 3368 649 3448 ciuitatibus,
672 3371 700 3436 si
725 3370 759 3434 16
778 3370 840 3434 1616
866 3368 982 3435 fuerint
997 3368 1130 3434 facinore
1145 3370 1357 3452 deprehensae,

225 3472 430 3537 decernuntur
455 3473 581 3538 excidia.
606 3477 638 3540 61
664 3476 701 3539 ut
726 3474 783 3538 hoc
808 3471 1004 3556 prouidentia
1031 3473 1135 3538 uestra
1162 3473 1358 3540 manifestius

226 3575 340 3652 discat,
358 3576 545 3641 constitutae
559 3578 639 3662 legis
660 3577 846 3643 sententiam
860 3577 1021 3659 proferam.
1043 3577 1077 3641 in
1092 3578 1198 3642 eodem
1213 3578 1293 3644 libro
1308 3578 1357 3644 in-

191 3678 322 3763 sotegris
337 3678 518 3744 ciuitatibus
532 3699 661 3762 poenam
676 3682 818 3747 dominus
833 3681 892 3745 hac
906 3698 979 3747 uooe
997 3680 1173 3761 constituit,
1193 3681 1239 3746 ait
1258 3682 1356 3749 eninr:

224 3775 301 3849 ‘aut
323 3782 355 3847 si
377 3782 549 3849 audieris
571 3784 611 3849 16
634 3805 706 3851 666
728 3805 770 3851 ex
792 3784 1043 3865 ciuitatibus,
1067 3803 1159 3867 quas
1181 3786 1356 3852 dominus

329 3988 442 4059 ldpoc
462 3990 507 4058 14,
520 3990 622 4049 9-11.
689 3992 727 4050 14
744 3992 824 4047 Dert.
839 3991 885 4055 13,
899 3989 1001 4047 6-11.
1068 3989 1355 4061 3111),13,13-19.

277 4165 413 4236 26661611
426 4184 456 4221 o:
469 4165 604 4236 accepitP
656 4164 815 4234 36616611
830 4164 943 4219 bibitP
1001 4165 1322 4239 dmirtaPllpunieta

225 4251 386 4321 bsulpbore
399 4254 427 4307 P
485 4253 520 4310 11
539 4252 705 4319 idolatrieP
770 4252 804 4308 17
821 4251 876 4305 diis
887 4252 965 4320 (6616
976 4252 1050 4323 aliis)
1061 4269 1111 4308 om.
1124 4270 1144 4307 6
1208 4254 1244 4311 19
1262 4256 1356 4325 parcat

226 4337 285 4406 Pa,
303 4354 351 4393 eru.
364 4339 492 4394 Bursian
513 4340 526 4407 ΙΙ
548 4338 648 4393 celabis
660 4339 689 4393 P
760 4338 800 4395 22
818 4340 951 4408 postremo
964 4340 992 4393 61
1003 4339 1146 4395 Borean:
1168 4342 1306 4395 remouent
1318 4341 1353 4407 P,

226 4422 349 4494 deinceps
365 4442 398 4493 a;
413 4426 515 4480 LXX:
534 4428 582 4488 aut
598 4425 615 4491 ἡ
628 4428 694 4500 peip
712 4424 817 4486 παντὸς
829 4426 879 4478 τοῦ
891 4426 960 4478 λαοῦ
972 4425 1016 4479 ἐπ’
1029 4423 1136 4496 ἐσχάτῳ
1147 4430 1195 4481 καὶ
1208 4422 1354 4497 λιθοβολῆ-

226 4525 325 4564 coccos
336 4509 422 4565 αὐτὸν
433 4518 480 4569 etc.
533 4510 570 4571 23
583 4509 704 4567 abunere
715 4512 744 4567 P
790 4512 828 4571 29
842 4510 956 4582 integris
963 4510 1103 4567 Breuem
1117 4512 1270 4583 inintegris
1277 4514 1321 4569 Pa

294 4628 326 4667 11.
1128 4602 1148 4667 9
