3300 5142
340 529 401 594 172
762 531 909 602 Sulpicii
926 529 1042 585 Seueri

307 681 426 766 ouirga
451 681 563 749 floruit.
587 703 643 770 ego
668 685 767 768 ipsam
792 705 829 752 ex
853 685 909 752 illa
932 685 1057 771 uirgula
1069 685 1264 752 arbusculam
1278 684 1360 763 uidi,
1382 701 1463 767 quae

336 783 484 868 hodieque
510 786 543 852 in
563 787 642 853 atrio
662 787 841 854 monasterii
860 789 956 855 ramis
976 788 1149 853 uirentibus
1163 789 1250 871 quasi
1271 788 1304 853 in
1318 786 1463 853 testimo-

334 885 422 952 nium
436 907 576 968 manens,
600 892 749 972 quantum
765 890 958 956 oboedientia
983 890 1130 956 meruerit
1156 893 1188 956 et
1214 891 1364 972 quantum
1383 887 1460 953 fides

307 990 446 1072 opossit,
469 993 611 1058 ostendit.
636 994 689 1059 sed
708 1013 758 1060 me
779 994 844 1059 dies
864 996 937 1061 aute
957 993 1095 1072 deficiet,
1118 1012 1212 1077 quam
1226 993 1350 1059 diuersa
1363 991 1460 1057 mire·

335 1093 417 1170 oula,
441 1112 517 1176 qnae
541 1095 620 1160 mihi
645 1096 683 1161 de
708 1100 883 1162 sanctorum
909 1095 1080 1162 uirtutfflus
1105 1098 1179 1161 sunt
1204 1097 1364 1178 conperta,
1387 1111 1498 1160 con-r

335 1211 496 1260 summem.

283 1305 325 1368 ιο
377 1297 445 1361 Duo
460 1296 548 1362 uobis
563 1299 661 1365 adhue
675 1300 830 1382 praeclara
843 1300 1033 1366 memorabo:
1049 1317 1179 1383 quorum
1190 1320 1286 1365 unum
1299 1300 1460 1385 egregium

334 1397 394 1463 erit
414 1399 560 1465 aduersus
580 1401 768 1468 inflationem
787 1404 918 1469 miserae
938 1404 1088 1470 sanitatis
1103 1404 1292 1485 exemplum,
1325 1403 1460 1469 alterum

305 1500 479 1566 raduanus
504 1502 615 1570 falsam
641 1505 794 1572 iustitiam
819 1524 879 1572 non
904 1507 1055 1573 mediocre
1080 1505 1308 1572 documentum.
1331 1505 1458 1588 quidum

334 1621 406 1688 ergo
420 1607 558 1685 sanctus,
581 1606 785 1691 fugandorum
806 1608 844 1674 de
864 1609 1040 1692 corporibus
1059 1608 1189 1674 obsessis
1210 1609 1393 1675 daemonum
1408 1609 1458 1672 in·
1469 1633 1499 1673 ro

333 1707 473 1773 credibili
488 1709 645 1792 praeditus
659 1711 821 1793 potestate,
844 1711 984 1777 inaudita
997 1731 1053 1795 per
1066 1710 1204 1798 singulos
1219 1711 1284 1776 dies
1299 1711 1389 1795 signa
1408 1709 1458 1776 fa·

332 1809 441 1876 ciebat.
458 1829 519 1877 non
533 1811 633 1878 solum
647 1812 730 1878 enim
744 1832 900 1896 praesens,
915 1832 1013 1897 neque
1024 1815 1116 1880 uerbo
1127 1815 1267 1893 tantum,
1283 1814 1337 1878 sed
1348 1814 1457 1879 absens

332 1930 452 1996 quoque
466 1913 621 1980 interdum
636 1915 729 1980 cilicii
750 1916 798 1980 sui
818 1915 950 1982 fimbriis
975 1919 1031 1982 eut
1054 1917 1196 1999 epistulis
1210 1917 1316 1981 missis
1331 1935 1458 2001 corpora

333 2015 455 2082 obsessa
469 2017 603 2082 curabat.
626 2017 677 2083 hio
692 2035 763 2102 ergo
778 2018 893 2084 mirum
907 2019 940 2085 in
954 2020 1080 2085 modum
1100 2017 1352 2102 frequentabatur
1367 2037 1386 2084 a
1399 2035 1457 2102 po·

305 2120 415 2202 epulis
430 2138 465 2185 er
480 2121 545 2184 toto
560 2121 598 2185 ad
613 2139 684 2186 eum
699 2121 770 2186 orbe
785 2121 986 2188 uenientibus.
1010 2122 1096 2187 taceo
1112 2121 1150 2187 de
1164 2121 1350 2186 minoribus:
1366 2140 1455 2203 prae-
1467 2145 1496 2186 rs

333 2221 408 2288 fecti
432 2224 619 2306 comitesque
644 2241 679 2289 ec
704 2224 897 2290 diuersarum
922 2224 1040 2290 iudices
1059 2225 1249 2308 potestatum
1268 2221 1457 2307 proforibus

333 2325 417 2390 illiue
443 2343 532 2409 saepe
558 2326 725 2392 iacuenmt.
750 2327 883 2410 episcopi
903 2344 1022 2409 quoque
1046 2326 1249 2404 amatissimi,
1272 2325 1458 2392 sacerdotali

333 2429 518 2494 auctoritate
533 2429 686 2512 deposita,
709 2429 846 2513 contingi
866 2447 899 2494 se
918 2429 957 2495 ab
978 2447 1013 2495 eo
1027 2431 1126 2512 adque
1139 2428 1279 2495 benedici
1294 2428 1458 2494 humiliter

333 2531 539 2615 postulantes,
562 2530 767 2598 smotifioatos
782 2549 813 2597 se
835 2551 871 2598 ac
891 2531 996 2597 diuino
1016 2551 1143 2598 munere
1162 2531 1358 2610 inlustratos,
1380 2547 1457 2614 quo·

334 2633 414 2700 tiens
429 2652 554 2699 manum
570 2633 655 2698 illiue
674 2635 853 2717 uestemque
873 2635 1080 2720 contigerant,
1102 2652 1162 2700 non
1188 2635 1332 2700 inmerito
1358 2634 1497 2700 credi-¹⁰

305 2737 453 2802 ederunt.
477 2737 528 2801 hio
542 2735 696 2802 ferebatur
716 2738 800 2802 omni
824 2739 900 2821 potu
920 2737 953 2803 in
973 2741 1154 2821 perpetuum
1168 2728 1290 2822 penitus
1305 2737 1465 2804 abstinere·

334 2857 370 2904 ac
395 2857 449 2922 pro
475 2839 542 2904 cibo
555 2838 680 2919 -tibi,
704 2839 836 2922 Sulpici,
859 2841 892 2905 in
916 2859 1022 2906 aurem
1046 2842 1173 2924 loquar,
1205 2859 1244 2906 ne
1268 2838 1376 2905 (lellus
1401 2839 1460 2904 hoo

305 2941 441 3008 baudiat
453 2979 493 2988 -
505 2961 557 3008 sex
571 2944 695 3008 tantum
711 2943 819 3008 caricis
833 2943 1008 3009 sustentari.
1032 2943 1150 3008 interea
1170 2944 1275 3008 saneto
1290 2941 1356 3007 uiro
1371 2941 1408 3006 ut
1421 2960 1459 3006 eu

334 3044 452 3110 uirtute
466 3045 574 3123 honor,
590 3045 685 3110 itaer
699 3046 812 3111 honore
825 3046 949 3112 ueritas
961 3045 1061 3130 coepit
1075 3045 1225 3128 obrepere.
1243 3043 1324 3126 quod
1338 3043 1459 3108 malum

333 3148 387 3212 ille
401 3148 455 3213 ubi
481 3148 617 3231 primum
641 3149 743 3230 potuit
768 3148 800 3214 in
825 3167 858 3214 ee
883 3149 998 3215 sentire
1023 3147 1170 3232 mari,
1192 3147 1247 3212 diu
1261 3146 1497 3228 multumqueoo

333 3249 484 3315 discutere
499 3250 623 3315 conatus
639 3251 699 3328 est,
723 3251 776 3316 sed
790 3251 899 3333 repelli
924 3251 1047 3333 penitus
1072 3249 1123 3314 uel
1149 3249 1246 3315 tacita
1271 3247 1457 3313 conscientia

304 3351 480 3424 tuanitatis
495 3353 705 3435 perseuerante
719 3353 836 3419 uirtute
850 3370 910 3418 non
924 3353 1034 3436 potuit.
1050 3353 1164 3435 ubique
1179 3369 1290 3418 nomen
1304 3352 1370 3416 eius
1384 3351 1458 3415 dae-

332 3472 436 3521 mones
461 3453 653 3521 fatebantru:
675 3455 834 3522 excludere
853 3474 872 3520 a
891 3474 923 3521 se
942 3453 1161 3521 confluentium
1180 3453 1308 3538 populos
1322 3471 1384 3519 non
1397 3472 1456 3519 ua·

386 3697 402 3753 1
421 3697 477 3766 ipse
489 3694 516 3750 B
527 3712 595 3751 corr.
620 3698 632 3766 ΙΙ
655 3695 711 3752 uidi
723 3696 828 3752 ΑΒΜ·
847 3701 911 3764 poet
930 3693 1081 3749 uirentibus
1102 3693 1202 3750 babeat
1221 3692 1262 3761 F,
1281 3708 1350 3748 corr.
1364 3692 1392 3747 A
1403 3697 1429 3747 et
1440 3709 1459 3748 a

385 3781 402 3839 2
421 3783 449 3836 in
462 3781 530 3836 atrio
543 3783 697 3837 monasterii
709 3783 773 3837 ΒΜ
776 3803 785 3836 .·
804 3782 877 3836 intra
889 3780 989 3835 atrium
1000 3796 1034 3834 m
1048 3781 1090 3834 est
1101 3779 1174 3834 Aroe
1192 3779 1205 3846 ΙΙ
1226 3776 1421 3832 nitescentibus
1429 3775 1463 3830 1⁴*

342 3887 356 3954 11
384 3885 460 3956 quasi
473 3885 563 3940 ΑΒΜ
567 3907 576 3940 .·
595 3885 652 3940 uidi
664 3887 740 3956 quasi
753 3886 794 3954 F,
813 3884 882 3950 uidi,
901 3899 968 3954 quae
980 3882 1085 3952 quasia
1154 3879 1173 3937 3
1190 3879 1318 3935 meruerit
1337 3879 1384 3934 M:
1402 3895 1459 3933 rue·

331 3971 388 4026 ruit
400 3971 471 4026 Ana
523 3973 540 4030 5
559 3974 708 4027 sanctorum
721 3970 868 4026 uirtutibus
881 3969 949 4024 AF.-
963 3969 1027 4024 nirt
1041 3970 1220 4024 motorumu
1271 3965 1289 4022 7
1307 3963 1420 4019 nomba
1430 3966 1460 4020 Β

385 4055 421 4113 17
440 4071 516 4126 saepe
528 4073 576 4110 ora.
589 4057 619 4111 F
624 4073 668 4126 pr.
682 4073 714 4111 m.
770 4055 807 4113 18
825 4056 945 4124 contingi
965 4071 993 4109 se
1013 4056 1043 4110 F
1061 4071 1129 4111 corr.
1149 4052 1334 4123 econtigiese,
1352 4050 1460 4106 contin·

331 4142 403 4212 gissa
415 4143 443 4196 A
494 4141 533 4200 20
550 4143 735 4213 contingerent
747 4142 784 4196 Μ
833 4141 872 4197 22
890 4141 997 4210 sulpicii
1013 4141 1039 4195 V
1096 4140 1135 4198 23
1153 4156 1198 4195 sex
1215 4140 1251 4196 V:
1270 4140 1371 4209 septem
1384 4137 1460 4193 ΔΗ

342 4232 354 4297 ΙΙ
374 4229 468 4283 caricis
480 4228 511 4284 F
518 4231 550 4284 ia
562 4247 615 4283 rae.
629 4231 709 4284 babet
731 4229 743 4295 ΙΙ
767 4226 895 4280 sustineri
911 4227 938 4280 V
959 4228 971 4294 11
992 4226 1051 4280 uiro
1062 4242 1111 4280 oon.
1124 4226 1151 4279 A
1162 4243 1204 4294 pr.
1217 4243 1250 4280 m.
1271 4226 1285 4293 ΙΙ
1309 4240 1342 4279 er
1353 4224 1460 4277 uirtute

330 4319 359 4370 ot
372 4315 538 4385 honore(om.
549 4315 657 4382 mediis)
669 4314 776 4369 uanitas
793 4313 819 4367 V
862 4313 901 4370 24
913 4312 1000 4380 (1ro
1042 4311 1080 4371 25
1096 4310 1206 4365 diumV
1249 4310 1287 4367 26
1299 4309 1424 4379 paenitus
1435 4309 1466 4363 V

382 4401 420 4458 27
438 4401 569 4456 nouitatis
588 4401 651 4456 ΒΜ
653 4401 689 4469 V,
707 4405 740 4454 ut
757 4399 827 4454 coni.
840 4399 978 4452 Dauieias
994 4396 1032 4451 od
1043 4397 1150 4451 Minae.
1168 4395 1227 4450 Fer.
1244 4412 1274 4464 p.
1293 4398 1346 4450 144
1363 4393 1405 4448 cd.
1423 4395 1462 4448 2:

222 4527 223 4532 ι
331 4489 438 4542 ueritus
451 4487 522 4543 Ale
574 4485 611 4544 28
630 4485 807 4541 confluentum
823 4483 1042 4553 V(conflurntem
1053 4481 1178 4551 populum
1191 4481 1289 4552 Beato)
