3300 5142
571 513 735 586 Dialogus
753 516 774 579 1,
793 532 814 570 c.
834 514 915 572 6-8.
1251 509 1312 575 159

183 691 260 756 quae
275 689 346 736 cum
361 671 487 752 reprimi
501 670 693 736 sacerdotum
705 671 887 736 auctoritate
897 687 957 735 nen
968 671 1079 750 posset,
1091 683 1198 732 scaeuo
1210 683 1312 729 erem·

182 775 234 858 plo
249 774 288 838 ad
303 773 468 858 regendum
483 773 625 840 ecclesiae
636 774 831 857 disciplinam
842 772 1013 856 praefectus
1024 770 1212 846 adsumitur,
1227 768 1315 832 cuius

184 879 298 943 terrore
314 876 443 959 dispersi
464 876 574 942 fratres
600 895 635 942 ac
654 896 707 960 per
728 877 864 943 diuersas
879 893 946 940 oras
961 873 1101 940 monachi
1116 874 1189 936 sunt
1201 870 1313 953 fugati,

185 982 231 1046 ita
245 982 281 1045 ut
296 980 465 1063 propositis
480 980 589 1045 edictis
604 981 637 1045 in
651 980 738 1046 nulla
758 981 922 1044 consistere
940 979 1012 1043 sede
1032 977 1211 1042 sinerentur.
1234 973 1341 1037 illude

162 1103 235 1148 ame
250 1083 420 1148 admodum
434 1083 647 1167 permouebat,
665 1083 746 1166 quod
760 1082 982 1165 Hieronymus,
998 1080 1047 1145 uir
1061 1077 1194 1144 manime
1208 1077 1314 1141 catho-

186 1185 264 1250 licus
279 1187 310 1250 et
333 1203 435 1252 sacrae
453 1186 532 1269 legis
552 1186 773 1267 peritissimus,
796 1183 960 1268 Origenem
979 1185 1101 1248 secutus
1115 1181 1214 1264 primo
1234 1181 1314 1242 tem·

186 1305 258 1370 pore
275 1288 457 1371 putabatur,
481 1288 534 1370 qui
550 1308 631 1354 nunc
647 1288 729 1354 idern
743 1289 905 1371 praecipue
919 1287 969 1352 uel
983 1287 1086 1352 omnia
1100 1285 1186 1348 illius
1200 1283 1316 1364 scripta

188 1391 355 1456 damnaret.
381 1409 522 1457 necuere
538 1391 638 1456 ausim
659 1393 697 1456 de
718 1410 871 1473 quoquam
892 1391 1034 1473 [temere]
1056 1389 1206 1465 iudicare,
1227 1402 1316 1469 prae·

188 1493 373 1558 stantissimi
390 1494 495 1559 tamen
512 1495 601 1577 [adri]
617 1495 649 1560 et
663 1495 835 1559 doctissimi
849 1494 1024 1559 serebantur
1038 1494 1070 1557 in
1084 1491 1141 1556 hoc
1152 1489 1317 1555 conamine

152 1618 180 1658 10
188 1596 344 1660 dissidere.
370 1597 425 1661 sed
439 1597 543 1662 tamen
558 1597 624 1663 siue
644 1596 699 1662 ille
719 1615 802 1662 error
821 1598 883 1674 est,
906 1598 943 1661 ut
958 1614 1014 1680 ego
1029 1595 1141 1672 sentio,
1164 1593 1230 1658 siue
1243 1592 1346 1656 hae-4

189 1699 278 1778 rosis,
302 1701 337 1764 ut
352 1701 496 1782 putatur,
518 1717 579 1766 non
600 1701 700 1766 solum
720 1700 847 1783 reprimi
862 1717 922 1765 non
936 1699 1039 1782 potuit
1053 1698 1162 1762 multis
1176 1695 1317 1762 animad-

189 1802 379 1866 uersionibus
407 1803 613 1881 sacerdotum,
637 1805 689 1868 sed
710 1823 905 1885 nequaquam
932 1804 1000 1867 tarn
1019 1802 1083 1866 late
1108 1819 1139 1866 se
1164 1798 1315 1881 potuisset

189 1903 357 1983 effrmdere,
372 1905 433 1970 nisi
454 1907 644 1971 contentione
659 1907 814 1971 creuissct.
838 1905 1030 1970 istiusmodi
1045 1922 1116 1988 ergo
1131 1903 1346 1977 turbationes

190 2026 261 2072 cum
276 2009 347 2073 ueni
362 2007 596 2086 Alexandriam,
618 2008 796 2074 fluctuabat.
820 2027 871 2074 me
898 2009 1022 2091 quidem
1048 2007 1206 2089 episcopus
1231 2005 1318 2068 illius

155 2135 180 2174 ιε
191 2110 329 2175 ciuitatis
356 2111 486 2195 benigne
512 2112 678 2176 admodum
699 2115 729 2176 et
749 2111 876 2189 melius,
901 2099 995 2194 quam
1014 2109 1177 2192 opinabar,
1200 2107 1318 2188 excepit

191 2214 222 2277 et
237 2231 340 2278 secum
361 2215 464 2279 tenere
479 2214 661 2296 temptauit,
684 2215 736 2280 sed
761 2233 821 2280 non
846 2214 908 2279 fnit
932 2214 1054 2278 animus
1079 2212 1124 2277 ibi
1144 2212 1345 2284 consisteres

193 2315 246 2380 ubi
262 2335 365 2380 recem
380 2316 531 2382 fraternae
546 2318 641 2382 cladis
657 2317 796 2382 feruebat
812 2317 938 2381 inuidia.
961 2335 1033 2381 nam
1053 2315 1112 2379 etsi
1126 2313 1254 2378 fortasse
1267 2312 1317 2376 ui-

192 2418 321 2484 deantur
346 2438 450 2502 parere
476 2420 624 2504 episcopis
651 2420 805 2498 debuisse,
833 2437 894 2484 non
914 2419 952 2482 ob
973 2419 1051 2484 hanc
1071 2419 1174 2482 tamen
1194 2433 1318 2481 causam

191 2521 425 2588 multitudinem
451 2524 572 2589 tantam
598 2523 655 2588 sub
683 2522 797 2588 Christi
823 2521 1010 2588 confasione
1034 2521 1207 2597 uiuentem,
1229 2536 1316 2601 prae·

157 2648 183 2688 rc
193 2625 299 2690 sertim
315 2625 353 2690 ab
369 2625 532 2708 episcopis,
556 2627 740 2709 oportuisset
754 2626 870 2709 adfligi.

235 2728 337 2811 Igitur
351 2729 422 2794 inde
437 2729 592 2812 digressus
607 2729 768 2795 Bethleem
782 2729 931 2812 oppidum
944 2728 1035 2812 petii,
1058 2727 1139 2810 quod
1153 2726 1191 2790 ab
1206 2725 1345 2798 Hiero-8

137 2841 141 2852 ·
192 2829 318 2913 solymis
344 2849 396 2896 sex
421 2831 548 2897 milibus
575 2833 747 2916 separatur,
781 2832 819 2896 ab
845 2830 1031 2896 Alexandria
1055 2831 1158 2895 autem
1184 2828 1316 2894 sedecim

191 2933 400 2999 mansionibus
426 2935 520 2999 abest.
555 2936 714 3001 ecclesiam
733 2935 793 3000 loci
818 2934 905 2999 illius
929 2934 1135 3016 Hieronymus
1159 2931 1345 3014 presbytera

192 3036 288 3119 regit:
306 3057 378 3102 nam
393 3037 552 3120 paroechia
567 3040 614 3102 est
628 3038 775 3120 episcopi,
792 3037 846 3119 qui
861 3037 1106 3119 Hierosolymam
1121 3036 1214 3100 tenet.
1238 3033 1317 3097 mihi

158 3138 257 3204 sciam
271 3139 390 3220 pridem
405 3141 611 3224 Hieronymus
626 3140 779 3222 superiore
801 3139 858 3204 illa
882 3159 952 3204 mee
977 3138 1219 3222 peregrinatione
1246 3154 1317 3201 con·

192 3243 298 3324 pertus
313 3240 403 3306 facile
418 3243 606 3321 obtinuerat,
623 3246 660 3307 ut
669 3242 790 3307 nullum
802 3242 881 3306 milri
893 3241 1096 3324 expetendum
1106 3239 1219 3305 rectius
1234 3239 1316 3303 arbi-

194 3344 299 3406 trarer.
324 3345 373 3407 uir
393 3344 474 3410 enim
495 3347 616 3426 praeter
636 3345 707 3409 fidei
734 3345 882 3410 meritum
902 3345 1065 3426 dotemque
1085 3342 1239 3408 uirtutum
1258 3357 1345 3410 nona

196 3444 297 3509 solum
313 3446 432 3511 Latinis
447 3446 545 3529 adque
560 3447 704 3526 Graecis,
721 3447 774 3512 sed
800 3449 832 3512 et
847 3446 997 3512 Hebraeis
1021 3446 1136 3511 btteris
1161 3446 1207 3510 ita
1226 3445 1317 3545 insti·

248 3701 262 3757 l
284 3717 377 3755 scaeuo
389 3705 408 3755 2
420 3702 495 3757 codd.
514 3703 595 3758 Gaea
609 3709 635 3758 et
655 3705 698 3758 A:
720 3720 797 3759 saeuo
810 3705 874 3772 FV,
891 3703 940 3758 ced
951 3705 983 3758 io
999 3704 1101 3758 Vacat
1112 3721 1131 3756 a
1143 3719 1176 3757 oa
1190 3704 1316 3757 tiaras.

245 3788 264 3842 4
282 3788 440 3856 praepositis
454 3789 485 3843 F
502 3791 514 3856 ΙΙ
538 3789 566 3842 in
578 3805 626 3844 oro.
640 3789 670 3844 F
718 3790 736 3846 6
754 3791 905 3858 sequtusV
956 3790 1039 3859 iqui
1065 3790 1091 3843 V
1108 3795 1133 3842 ct
1153 3789 1212 3843 cod.
1224 3789 1319 3842 Lorii:

194 3888 272 3940 quem
293 3873 364 3927 Amo
426 3875 550 3930 Sensim
574 3875 609 3928 V:
628 3891 707 3929 ausus
728 3876 795 3944 AF,
823 3875 1199 3941 comsummaverat}
1221 3876 1320 3926 temere

194 3975 243 4012 oro.
261 3959 286 4013 V
335 3960 352 4016 9
372 3960 425 4014 uiri
436 3977 484 4014 oar.
503 3962 528 4014 V
578 3961 615 4018 10
632 3961 683 4014 Sed
702 3965 792 4015 temen
814 3962 846 4016 F
861 3963 957 4016 toras.
978 3961 1002 4015 si
1023 3964 1113 4014 tamen
1134 3960 1161 4013 A
1185 3962 1197 4028 ll
1219 3959 1266 4013 ille
1282 3960 1320 4014 V.-

195 4043 263 4098 illud
276 4046 348 4100 AFc
371 4049 383 4114 ll
405 4063 514 4116 egomt.
529 4048 604 4115 Fpr.
618 4064 651 4101 m.
723 4048 758 4105 11
778 4048 924 4117 putabatur
937 4049 963 4103 B
1027 4049 1064 4104 12
1082 4046 1211 4102 sedctF
1229 4049 1241 4114 ΙΙ
1263 4049 1321 4100 tam

196 4145 244 4184 oco.
258 4131 339 4200 ΑΕΘ
392 4133 429 4189 14
447 4133 599 4188 alexandria
612 4134 674 4188 BM
736 4134 773 4191 16
791 4134 944 4203 temptabat
955 4134 1072 4188 ΑΒΓΜ
1135 4132 1172 4189 18
1189 4132 1320 4201 episcopis

196 4231 287 4283 parcre
299 4218 325 4270 A
374 4219 411 4274 22
431 4222 568 4288 separatur
580 4220 646 4274 BV:
664 4217 816 4289 disparatur
827 4221 900 4274 AFo
927 4223 938 4288 ΙΙ
962 4219 1078 4273 sederem
1094 4219 1120 4273 V
1173 4219 1213 4275 24
1230 4234 1321 4287 parce·

197 4303 256 4354 chia
271 4304 305 4357 V:
317 4304 455 4371 parrochia
466 4303 500 4368 F,
513 4304 702 4373 parochialia
716 4323 753 4360 ao
765 4305 883 4360 &ueras
894 4306 1015 4375 paroecia
1025 4305 1180 4375 (παροικία)
1188 4303 1320 4372 scripsit?

248 4390 286 4445 28
306 4393 352 4443 aut
364 4391 450 4458 grecis
465 4391 494 4444 F
513 4393 525 4459 ll
548 4391 593 4444 scd
613 4395 640 4444 et
662 4392 686 4446 b.
709 4391 809 4446 litteris
823 4393 864 4446 ita
880 4393 915 4446 V:
935 4391 980 4445 sed
993 4390 1057 4444 eth.
1071 4390 1154 4444 etiam
1166 4390 1207 4445 ita
1218 4389 1319 4444 litteris

198 4475 269 4530 AFo
280 4478 324 4544 (ia
340 4477 365 4530 V
374 4493 430 4530 own
442 4476 515 4532 deest
526 4480 554 4532 et
571 4484 631 4546 poet
644 4477 700 4546 scd)
