3300 5142
340 520 401 583 108
745 514 887 568 Firmici
905 512 1052 567 Materni

336 673 411 737 tatis
426 673 484 737 hoo
498 671 674 755 specialiter
688 670 924 754 conprehendit,
947 670 993 735 ait
1008 668 1106 734 enim:
1127 659 1177 733 ‘et
1199 666 1352 749 accepit
1374 664 1475 747 lapi-

338 776 419 842 dem
442 796 631 861 magnum·
653 777 692 840 et
724 775 875 840 statuit
909 794 995 839 eum
1027 774 1161 837 contra
1188 771 1392 837 dominum.
1433 773 1476 834 et

222 880 395 957 praemit
416 879 557 944 Hiesus
578 879 626 943 ad
647 878 846 961 populum:
870 896 955 943 ecee
983 876 1084 958 lapis
1107 876 1183 940 iste
1205 874 1286 938 erit
1308 873 1407 937 milri
1430 873 1477 937 in

259 978 279 1012 ⁹
336 982 611 1048 testimoniam
643 982 737 1062 qaia
769 982 850 1047 iste
878 980 1042 1045 audiuit
1075 978 1203 1044 omnia
1235 998 1333 1057 quoe
1364 976 1477 1041 diota
1627 1058 1628 1065 ἵ

337 1088 428 1151 sunt
449 1106 469 1150 a
489 1086 656 1163 domino,
687 1084 846 1167 quando
868 1084 1055 1166 loquutus
1078 1082 1136 1146 θεῖ
1158 1081 1207 1145 ad
1229 1098 1313 1159 nos,
1337 1079 1477 1145 eterit
1501 1105 1513 1143 r
1627 1094 1628 1167 ᾗ

335 1190 412 1254 iste
426 1188 538 1254 uobis
554 1188 828 1253 testimonium
849 1187 893 1250 io
908 1186 1121 1252 nouissimo
1135 1184 1308 1260 dierum,
1324 1183 1477 1265 quando

305 1292 590 1369 precesseritis
612 1312 631 1356 a
652 1290 809 1355 domino
833 1278 987 1356 uestro'
1009 1289 1091 1372 quod
1106 1290 1212 1353 autem
1227 1286 1477 1371 porhunclapi-

338 1396 424 1472 dem,
447 1394 481 1459 id
507 1396 554 1459 est
579 1412 635 1476 per
647 1426 650 1432 ,
660 1393 822 1458 dominum
846 1395 987 1458 nostrum
1003 1392 1109 1457 Iesum
1123 1390 1293 1469 Christum,
1310 1392 1343 1455 θῖ
1357 1389 1402 1453 dii
1419 1389 1476 1453 isti

339 1498 440 1563 casuri
464 1498 529 1562 sint
553 1500 585 1562 et
611 1496 781 1563 multitudo
807 1498 996 1579 templorum
1022 1496 1127 1578 aperte
1141 1494 1277 1560 Danihel
1291 1492 1478 1559 uenerandis

340 1600 474 1666 oraculis
489 1601 672 1684 erplioauit:
688 1602 735 1665 ait
749 1600 833 1665 enim
849 1618 921 1665 oum
935 1600 1191 1683 interpretaretur
1206 1597 1362 1662 somnium
1377 1595 1478 1679 regis:
1490 1621 1514 1661 ιε

338 1680 389 1769 ‘et
410 1722 494 1770 ecoe
516 1705 657 1789 imago,
681 1704 807 1788 imago
830 1704 945 1769 nimis
960 1722 1112 1787 magna,
1136 1702 1173 1766 ot
1194 1698 1476 1781 contemplatio

339 1808 465 1890 ipsius
486 1808 670 1891 imaginis
685 1806 903 1883 metuenda,
927 1806 964 1872 et
985 1806 1090 1871 elata
1111 1804 1243 1869 stabat
1266 1806 1400 1869 contra
1421 1805 1477 1867 te:

340 1912 449 1977 ouius
482 1912 600 1994 caput
632 1909 713 1975 fuit
746 1929 789 1976 er
820 1927 912 1975 auro
945 1909 1054 1987 bono,
1088 1910 1221 1991 pectus
1250 1909 1287 1972 et
1315 1907 1479 1975 brachia

340 2015 423 2080 eius
444 2015 643 2097 argentea,
666 2015 801 2078 uenter
823 2013 860 2077 et
882 2013 1027 2077 femora
1048 2030 1172 2091 aerea,
1203 2010 1322 2093 pedes
1344 2014 1479 2077 autem

340 2136 383 2181 er
415 2118 525 2200 parte
557 2116 710 2200 quidem
743 2115 876 2194 ferrei,
920 2135 961 2181 er
993 2116 1103 2197 parte
1134 2117 1264 2180 autern
1299 2113 1513 2180 fictiles:1r

340 2220 585 2302 quoadusque
607 2220 782 2285 abscisus
805 2222 865 2285 est
892 2219 995 2301 lapis
1025 2218 1068 2283 de
1097 2219 1223 2283 monte
1246 2218 1331 2282 si-ne
1352 2218 1478 2282 mani-

340 2323 413 2388 bus
436 2324 727 2389 concidentium
749 2325 787 2388 θῖ
808 2323 1006 2406 percussit
1033 2321 1246 2405 imaginem
1273 2340 1390 2403 super
1412 2340 1475 2405 pe-

342 2427 406 2491 des
428 2425 575 2492 ferreos
598 2428 636 2491 et
657 2426 811 2491 fictiles
834 2427 871 2491 ot
899 2425 1125 2491 comminuit
1152 2443 1215 2490 eos
1244 2424 1477 2489 minutatim

341 2530 378 2595 θῖ
399 2529 550 2594 factum
572 2531 632 2594 θεῖ
655 2530 774 2593 simul
796 2529 994 2595 ferrumet
1014 2531 1134 2609 testa,
1159 2529 1478 2594 etaeramentum
1627 2590 1628 2621 3

340 2632 377 2696 et
400 2632 600 2716 argentum
623 2632 659 2697 et
681 2651 815 2697 aurum
837 2632 941 2697 lacta
973 2634 1062 2697 sunt
1094 2632 1248 2701 minuta
1276 2630 1386 2714 quasi
1415 2649 1514 2713 pa·ao

340 2736 415 2814 lea,
438 2736 480 2800 ut
501 2734 634 2817 puluis
655 2735 695 2799 in
717 2754 804 2800 area
824 2736 990 2814 aestate,
1013 2738 1050 2800 et
1065 2735 1286 2801 uentilaao't
1301 2734 1479 2799 illaueor-
1627 2724 1628 2761 ³

341 2843 407 2902 tus
427 2838 485 2903 ita
506 2840 549 2903 ut
570 2836 674 2902 nihil
696 2839 930 2904 remanserit
952 2839 990 2903 in
1013 2838 1115 2904 illis:
1139 2838 1292 2921 etlapis
1307 2838 1374 2921 qui
1393 2855 1478 2922 per-

342 2943 468 3007 cussit
489 2942 702 3025 imaginem
724 2940 855 3008 fectus
878 2944 937 3007 est
959 2960 1063 3008 mons
1086 2960 1247 3027 magnus
1274 2942 1311 3006 et
1337 2941 1477 3023 imple-

312 3045 400 3113 5uit
422 3046 545 3109 totam
566 3033 733 3109 terram'
756 3045 809 3128 qui
835 3046 920 3110 locus
946 3045 980 3110 in
1001 3047 1084 3111 terra
1104 3046 1152 3111 est
1173 3064 1266 3127 quem
1281 3063 1341 3110 non
1356 3042 1476 3109 Christi
1627 3108 1628 3113 ,

339 3147 510 3232 possederit
523 3151 657 3213 nomen?
679 3168 740 3230 qua
753 3148 800 3214 sol
815 3149 930 3226 oritur,
954 3168 1014 3231 qua
1028 3147 1156 3227 oceidit,
1181 3166 1241 3231 qua
1255 3147 1387 3233 erigitur
1402 3166 1476 3229 sep·
1488 3166 1513 3207 rs

339 3251 503 3329 temtrioa‚
526 3270 588 3333 qua
601 3251 704 3335 uergit
718 3253 836 3331 auster,
859 3253 964 3317 totum
978 3251 1145 3318 uenerandi
1166 3252 1306 3317 nominis
1326 3250 1477 3316 maiestas

340 3354 502 3437 impleuit,
526 3357 558 3420 et
578 3354 653 3419 lieet
678 3355 778 3421 adhuc
803 3356 837 3420 in
863 3356 1049 3437 quibusdam
1074 3354 1253 3439 regionibus
1279 3354 1477 3421 idololatriae

339 3458 504 3523 morientia
517 3458 672 3541 palpitent
686 3458 840 3537 membro,
856 3460 1007 3525 tamenin
1023 3476 1057 3525 oo
1072 3476 1120 3524 res
1136 3460 1183 3524 θεῖ
1198 3460 1234 3523 εῖ
1249 3478 1265 3524 θ
1281 3456 1477 3524 Christianis

341 3560 483 3625 omnibus
509 3562 600 3626 terris
626 3560 810 3644 pestiferum
834 3562 892 3627 hoc
918 3563 1038 3627 malum
1060 3562 1200 3627 funditus
1221 3562 1411 3645 amputetur.
1436 3561 1476 3627 do

341 3662 576 3728 idololatrarum
589 3663 706 3746 lapide,
729 3664 842 3747 dequo
858 3657 1062 3741 ricemeris
1082 3662 1117 3730 ἐκ
1139 3663 1276 3751 πέτρας,
1300 3664 1381 3747 quod
1402 3682 1479 3748 pro-
1492 3684 1519 3724 ao

340 3766 504 3851 phetarum
529 3767 686 3849 respondit
711 3766 893 3832 oraculum?
915 3767 966 3832 cui
986 3770 1091 3833 autem
1107 3767 1225 3833 restitit
1240 3767 1290 3833 uel
1306 3768 1356 3832 eui
1370 3766 1480 3849 parcit

311 3870 395 3935 sisto
420 3870 523 3954 lapis?
544 3868 625 3951 lapis
653 3870 759 3935 autom
778 3870 830 3935 hic
851 3870 992 3949 sanctus,
1015 3871 1048 3935 id
1063 3872 1111 3936 est
1126 3868 1283 3949 christun,
1306 3872 1361 3936 aut
1376 3870 1449 3937 fidei
1474 3858 1480 3943 Ι

444 4056 460 4113 1
479 4056 563 4111 Josua
574 4058 620 4125 24,
631 4056 677 4112 26.
732 4057 767 4114 11
787 4058 855 4111 Dan
870 4058 896 4122 2,
911 4058 948 4115 31
963 4073 1019 4127 sqq.

391 4228 497 4285 3Iesns
507 4246 526 4283 a
535 4230 549 4297 ΙΙ
559 4229 624 4299 erit]
633 4229 664 4283 in
671 4228 781 4296 focaea
792 4230 824 4282 ,θῖ
834 4228 885 4285 21·
899 4244 998 4283 rursus
1006 4230 1094 4284 malta
1104 4236 1282 4285 coenarent
1326 4228 1437 4286 duobis
1451 4230 1482 4311 in

339 4313 521 4368 testimonioa
557 4314 893 4371 monendomum?
930 4315 966 4372 12
979 4317 1008 4369 et
1017 4315 1176 4370 elataPset
1185 4331 1233 4369 om.
1242 4314 1302 4370 edd.
1340 4315 1484 4386 20anoe

338 4403 440 4454 etuto
492 4399 984 4470 auquulocuseqquema:qu1³
1030 4402 1068 4461 25
1082 4402 1229 4471 septentrio
1241 4401 1302 4456 edd.
1351 4402 1389 4459 27
1405 4402 1482 4459 idolo

338 4486 419 4540 latria
432 4486 460 4539 P
522 4485 562 4543 30
578 4485 753 4541 idolatrorum
769 4487 814 4540 Pa
878 4487 915 4544 31
935 4487 1040 4541 resistit
1061 4505 1090 4554 a,
1110 4488 1215 4543 rostitit
1237 4488 1379 4557 Beretum
1407 4505 1483 4545 acu·
