3300 5142
345 533 387 600 84
754 530 903 599 Sulpicii
926 529 1043 584 Seueri

344 687 490 771 praesidis
514 688 562 752 sui
585 686 669 752 llesti
695 684 778 750 Flori
803 684 931 750 iniurias
949 702 1010 750 non
1026 683 1173 762 terentes,
1194 683 1341 750 rebellare
1355 701 1461 766 ooope-

345 791 424 856 ruut.
448 791 592 856 aduersus
614 807 665 854 eos
689 787 893 870 Vespasianus
916 786 1123 868 prooousuluri
1146 787 1274 870 imperio
1299 805 1318 851 a
1341 786 1461 852 Nerone

344 892 455 958 missus
481 891 588 958 multis
613 890 816 974 grauibusque
841 889 964 972 proeliis
988 889 1125 954 deuictos
1144 889 1245 974 ooegit
1263 889 1345 954 intra
1356 905 1461 954 muros

317 993 571 1076 5Hierosolymae
590 991 757 1076 oouiugere.
780 992 906 1058 interim
919 992 999 1058 Nero
1017 992 1081 1057 iam
1107 992 1202 1058 etiam
1225 991 1285 1056 sibi
1310 1008 1365 1072 pro
1390 1008 1460 1056 oon-

344 1097 472 1163 seieutia
485 1096 632 1160 scelerum
645 1095 778 1173 inuisus,
800 1095 943 1160 humanis
962 1094 1053 1160 rebus
1072 1094 1231 1172 eximitur,
1251 1093 1403 1158 iuoertum
1421 1113 1461 1158 an
1484 1107 1499 1148 ι

343 1199 409 1282 ipse
434 1198 493 1262 sibi
517 1199 646 1264 mortem
672 1198 865 1262 oousoiuerit:
887 1199 969 1262 oerte
994 1215 1102 1278 eorpus
1116 1195 1202 1260 illius
1221 1196 1459 1277 uourepertum.

317 1301 423 1371 eunde
437 1299 585 1378 ereditur,
607 1300 700 1364 otiam
714 1301 740 1364 si
755 1317 787 1364 ee
801 1299 905 1383 gladio
918 1300 985 1381 ipse
998 1297 1201 1376 transfixerit,
1215 1298 1319 1362 ennato
1334 1298 1460 1364 uulnere

344 1402 410 1468 eius
435 1403 586 1481 samatus,
614 1402 779 1468 seeundum
808 1401 904 1479 illud,
937 1403 1017 1483 quod
1041 1402 1080 1466 de
1106 1419 1141 1466 eo
1167 1401 1316 1482 seriptum
1340 1401 1402 1465 est:
1425 1401 1462 1466 et

344 1505 457 1589 plaga
477 1505 612 1570 mortis
634 1505 715 1569 eius
738 1506 871 1568 ourata
891 1505 964 1582 est,
987 1504 1044 1569 sub
1070 1503 1183 1568 saeculi
1208 1502 1268 1567 fiue
1281 1503 1461 1581 mittendus,

211 1649 213 1654 -
345 1607 381 1674 ut
394 1608 574 1690 mysterium
588 1607 760 1690 iniquitatis
775 1609 919 1672 ereroeat.
1470 1617 1499 1656 ¹⁰

295 1710 336 1774 ³0
387 1709 487 1793 Igitur
512 1710 581 1792 post
605 1727 759 1774 erasmum
782 1709 912 1774 Neronis
935 1709 1035 1774 Galba
1059 1708 1223 1789 imperium
1247 1708 1364 1790 rapuit:
1390 1724 1462 1772 mox

316 1809 424 1881 nouo
449 1810 547 1876 Galba
571 1810 730 1877 interfecto
760 1811 927 1894 ooonpauit.
951 1812 1020 1875 tum
1040 1810 1186 1875 Vitellius
1206 1829 1223 1874 e
1242 1807 1346 1875 Galba
1364 1808 1462 1874 fretus

345 1913 539 1992 exercitibus,
562 1915 671 1996 quibus
685 1915 837 1996 praeerat,
859 1913 967 1979 urbem
986 1913 1156 1996 ingressus,
1171 1911 1289 1978 Othone
1302 1911 1461 1978 iuterfeoto

345 2033 497 2082 summam
526 2035 628 2082 rarum
653 2017 819 2098 usrurpauit.
849 2033 927 2097 quae
951 2017 1150 2098 posteaquam
1174 2015 1215 2080 ad
1239 2015 1461 2096 Vespasianum

346 2118 460 2196 delata,
483 2117 555 2183 dost
578 2118 660 2184 melo
685 2119 837 2200 exemplo,
858 2119 936 2182 bono
949 2119 1054 2184 tamem
1068 2117 1180 2183 affeetu
1199 2118 1243 2183 rei
1267 2117 1409 2198 publicae
1422 2117 1497 2181 abrs

345 2219 492 2302 improbis
506 2221 717 2299 uindicandas,
741 2239 811 2286 oum
831 2221 1076 2304 Hierosolymam
1094 2219 1262 2297 obsideret,
1284 2219 1381 2284 sumit
1400 2219 1461 2284 im·

346 2323 464 2405 perium
486 2325 532 2400 et,
559 2324 681 2387 ulmos
706 2326 768 2400 est,
796 2323 968 2388 diadem
993 2321 1088 2403 eapiti
1112 2322 1255 2404 imposito
1275 2322 1314 2385 ab
1328 2322 1461 2387 exereitu

346 2423 561 2490 consalutatus.
589 2425 697 2489 'litum
711 2424 810 2488 lilium
825 2423 983 2489 (tamarem
997 2423 1087 2489 faoit:
1109 2423 1209 2488 eidem
1222 2441 1292 2504 pars
1306 2424 1461 2505 oopiarum

318 2527 379 2598 aet
401 2525 582 2592 obsidendae
606 2526 835 2608 Hierosolymee
857 2525 1016 2609 negotium
1036 2527 1152 2591 datum.
1176 2525 1379 2608 Vespasianus
1397 2525 1460 2590 Ro-

346 2609 620 2710 nummolarius,
642 2645 760 2692 summo
775 2627 880 2692 fauore
898 2629 1021 2694 senatus
1041 2630 1073 2692 et
1090 2628 1196 2711 populi
1212 2630 1364 2709 receptus,
1389 2646 1495 2693 eumne

346 2748 378 2796 se
392 2729 536 2796 Vitellius
561 2729 775 2816 interfecisset,
803 2731 966 2812 imperium
990 2730 1190 2796 oonfirmanit.
1214 2731 1329 2796 interea
1352 2730 1460 2796 Iudaei

345 2832 500 2898 obsidione
514 2831 624 2910 elami,
646 2832 719 2914 quia
741 2832 828 2899 nulla
851 2851 949 2915 usqne
972 2833 1054 2916 paeis
1079 2852 1177 2916 neque
1196 2833 1359 2899 deditionis
1374 2832 1460 2915 eopia

346 2935 489 3014 debebu,
510 2935 550 3000 ad
570 2937 738 3000 extremum
757 2935 839 3000 fame
852 2935 1032 3015 interibant,
1054 2936 1229 3018 passimque
1248 2936 1317 3001 uiae
1343 2935 1459 3018 oppleri

346 3037 541 3104 oadauerbus
561 3055 698 3120 coepere,
719 3037 801 3103 rrioto
814 3038 885 3122 giam
903 3037 1004 3104 offioio
1018 3037 1179 3104 humandi:
1201 3039 1276 3120 qum
1289 3039 1392 3104 omnia
1404 3057 1459 3103 uo·

347 3140 437 3206 feuda
451 3159 517 3206 esea
531 3157 620 3223 super
633 3141 699 3204 ausi
713 3159 751 3205 ue
764 3140 906 3206 humanis
920 3141 1045 3222 quidem
1064 3139 1238 3222 eorporibus
1252 3127 1459 3223 peperoerunt,
1468 3151 1494 3192 ¹⁵

318 3243 406 3308 4uisi
430 3262 507 3324 qnae
531 3242 679 3308 eiusmodi
704 3243 858 3308 alimentis
877 3243 964 3308 tabes
984 3243 1198 3327 praeripuerat.
1221 3243 1318 3327 igitur
1332 3242 1460 3308 defessis

345 3343 551 3410 defensoribus
573 3345 707 3428 irmpere
731 3345 869 3410 Romani.
897 3365 934 3411 ao
956 3347 1025 3410 tum
1053 3343 1132 3410 forte
1156 3346 1189 3410 iu
1216 3345 1299 3411 diem
1324 3345 1459 3411 Paschae

345 3447 444 3514 omuis
469 3465 505 3512 ex
529 3448 611 3531 agris
635 3447 763 3530 aliisque
787 3448 918 3514 Iudaeae
937 3448 1057 3532 oppidis
1076 3447 1243 3513 multitudo
1263 3448 1458 3513 oonueuerat:

448 3631 589 3702 sepum
611 3632 654 3698 13,
673 3633 699 3690 3.

400 3804 416 3860 l
434 3802 521 3872 Festi]
541 3819 560 3857 a
579 3802 696 3871 Joseplee
715 3808 832 3858 ooooteo·
852 3802 961 3859 Gessius
980 3802 1088 3866 Florus,
1106 3803 1141 3856 ob
1157 3802 1277 3857 Eoeeebe'o
1294 3801 1399 3858 Cestius
1416 3801 1458 3855 uu

398 3889 418 3946 4
434 3888 504 3944 Nero
517 3888 556 3956 P,
573 3895 605 3944 ut
616 3889 684 3944 coni.
703 3889 854 3943 Giaela'mea:
872 3889 963 3942 uerob
1037 3887 1056 3943 6
1072 3903 1125 3942 nou
1135 3891 1269 3957 repertum
1285 3889 1335 3958 (sic
1352 3886 1460 3956 inepti)

349 3975 387 4030 P:
405 3973 592 4042 interemptum
617 3974 633 4027 b
639 3994 646 4039 ς
672 3975 835 4029 sementiam
854 3973 1035 4028 dieteouerot
1056 3973 1201 4028 Tillensoeet
1216 3990 1375 4044 proponeres
1394 3973 1459 4028 irre-

347 4061 451 4130 pertum
512 4058 532 4116 8
549 4059 582 4112 ei'
595 4059 634 4114 Pr
651 4060 714 4126 sort.
728 4064 770 4124 ed,
787 4059 840 4114 ie.
853 4075 922 4113 esse:
939 4061 952 4127 ΙΙ
967 4057 1149 4129 sesamum:
1169 4061 1285 4129 uel(per
1305 4061 1402 4127 comp.)
1423 4059 1459 4128 P,

348 4146 407 4200 utb
459 4145 495 4202 12
513 4144 585 4199 Tuuo
604 4145 620 4200 b
642 4145 655 4212 ΙΙ
677 4145 706 4198 iu
725 4144 830 4200 Gallus
850 4145 956 4209 Pb‚er
975 4145 1074 4200 Galliis
1095 4145 1236 4215 Sipoeeea
1259 4146 1288 4200 iu
1307 4144 1460 4202 Gelliisls

347 4230 432 4286 fretus
447 4229 537 4285 Venulo
589 4229 625 4287 13
643 4229 815 4284 exoereitibus
827 4230 855 4284 P
906 4231 943 4286 14
959 4233 1051 4299 postea
1061 4231 1177 4286 rodebat
1192 4231 1226 4286 de
1238 4232 1326 4287 Proto
1378 4230 1415 4288 15
1426 4229 1459 4284 B.

349 4315 379 4370 P.
392 4316 420 4370 P
478 4314 515 4372 18
532 4315 712 4370 oousalutatus
725 4315 762 4369 P:
780 4315 926 4384 Imperator
937 4317 1145 4370 aemalutatueb
1204 4317 1242 4374 21
1260 4316 1313 4372 sibi
1324 4314 1460 4372 oouiltms-

349 4401 391 4456 uit
409 4400 443 4454 de
455 4399 541 4454 Proto
614 4399 651 4456 22
663 4399 793 4454 obsidioni
816 4400 843 4454 P
922 4401 960 4458 23
977 4401 1138 4456 iuteriebaut
1149 4401 1461 4458 Pbooedeeioonroote

400 4487 438 4544 25
456 4501 514 4540 esea
526 4485 653 4554 superP:
671 4485 777 4555 insuper
789 4486 820 4554 b;
839 4488 873 4554 ef.
887 4487 1051 4558 Βενιαμεῖ).
1065 4489 1140 4542 59η
1154 4491 1190 4542 79
