3300 5142
624 512 778 579 Chremi,
799 511 917 569 14—16.
1286 515 1325 579 17

204 671 274 734 tum
288 671 351 748 est,
367 670 542 734 Hebraeum
562 669 708 750 populum
727 668 796 732 uiae
810 686 909 733 errore
923 669 955 732 in
969 669 1124 734 obiectum
1137 688 1221 735 mare
1234 669 1326 734 dene-

204 772 295 850 nissa,
307 772 430 837 nullum
441 773 469 836 ei
480 790 544 836 esse
553 771 671 836 exituum
677 771 844 836 obsistente
854 770 1012 849 elemento,
1024 771 1126 837 furens
1132 772 1238 851 animi,
1251 789 1327 854 qno·

205 875 291 940 niam
302 875 478 958 angebatur,
490 873 798 939 totbominummilia
807 892 901 958 regno
913 893 968 940 sno
979 876 1012 940 ot
1021 875 1166 957 potestati
1176 874 1326 953 decedere,

206 977 372 1042 exercitum
391 994 514 1060 propere
533 977 644 1042 educit.
668 977 789 1060 iamque
809 978 928 1042 eminus
948 997 1034 1042 arma
1052 978 1198 1062 signaque
1212 979 1244 1042 et
1257 985 1356 1059 pro-5

185 1080 308 1146 etontae
318 1079 493 1161 patentibus
503 1079 565 1144 late
577 1081 692 1161 eampis
703 1080 782 1144 acies
794 1079 981 1158 uisebantur,
997 1099 1068 1145 cum
1081 1080 1229 1145 Hebraeis
1242 1080 1329 1144 motu

207 1182 334 1265 trepidis
349 1183 380 1246 et
394 1181 513 1248 caelum
527 1183 752 1264 aspectantibus
763 1182 884 1266 Moyses
898 1184 991 1248 aDeo
1004 1183 1139 1249 monitus
1153 1200 1329 1265 percussum

207 1285 297 1369 uirga
310 1303 393 1350 mare
407 1285 541 1350 discidit.
562 1285 608 1350 ita
621 1285 747 1367 populo,
768 1285 945 1351 cedentibus
959 1287 992 1351 in
1005 1286 1101 1351 latera
1120 1286 1222 1368 aquis,
1243 1285 1357 1350 ueruto

207 1388 240 1453 in
251 1388 416 1454 continenti
431 1389 490 1453 iter
501 1388 642 1471 peruium
657 1387 726 1452 luit.
742 1405 797 1452 nec
807 1389 967 1454 cunctatus
976 1407 1028 1454 rer
1039 1388 1211 1472 Aegyptius
1222 1388 1329 1452 ceden-

207 1491 254 1554 tes
268 1490 386 1572 insequi
401 1509 500 1568 mare,
522 1509 583 1573 qua
601 1490 740 1572 patebat,
760 1490 933 1574 ingressus:
955 1509 1025 1556 mox
1045 1490 1223 1556 coeuntibus
1242 1491 1330 1572 aquis
1415 1505 1418 1509 ’

174 1616 199 1655 ro
208 1611 278 1657 cum
293 1593 376 1658 omni
391 1593 523 1658 exercitu
538 1593 656 1658 deletus
670 1595 725 1658 ost.

256 1696 342 1760 'lunc
369 1696 491 1779 Moyses
518 1696 731 1761 incolumitate
758 1714 898 1776 suorum,
933 1698 1026 1762 exitio
1052 1696 1189 1762 bostium
1215 1697 1333 1761 uirtute
1344 1697 1381 1761 lt

208 1798 347 1864 exultans
368 1799 522 1864 mnticum
542 1798 608 1863 Deo
630 1799 753 1878 cecinit,
780 1799 922 1884 idemque
942 1800 1042 1866 onmis
1063 1801 1154 1865 tnrba
1174 1799 1276 1865 uirilis
1297 1817 1333 1864 ac

208 1901 369 1966 muliebris
389 1920 477 1966 sexus
498 1901 579 1966 lecit.
602 1902 654 1966 sed
676 1903 827 1986 ingressos
847 1921 998 1982 eremum,
1025 1921 1096 1968 oum
1116 1902 1180 1968 iam
1199 1921 1253 1985 per
1272 1902 1360 1966 uri-u

209 2004 306 2068 duum
317 2005 376 2068 iter
386 2005 520 2088 agerent,
528 2023 623 2086 aquae
634 2005 760 2086 penuria
767 2006 908 2089 urgebat,
914 2007 1091 2089 repertaque
1101 2005 1140 2070 ob
1150 2005 1332 2070 amaritudi-

176 2129 201 2169 1s
209 2124 280 2170 nem
295 2107 365 2170 usui
379 2123 440 2171 non
454 2107 527 2171 erat.
542 2125 578 2170 ac
592 2107 661 2171 tum
675 2107 811 2188 primum
824 2108 1016 2190 impatientis
1025 2109 1131 2190 populi
1143 2107 1362 2172 contumaciae
1403 2110 1408 2120 '

210 2208 351 2290 apparuit
365 2209 486 2291 iamque
501 2209 533 2274 in
547 2209 673 2292 Moysen
688 2208 857 2289 ferebatur,
877 2229 949 2275 cnm
962 2210 1086 2275 edoctus
1100 2229 1120 2275 a
1132 2211 1198 2275 Deo
1212 2210 1334 2293 lignum

210 2310 298 2392 aquis
312 2311 435 2391 intulit,
451 2311 537 2376 cuius
551 2312 626 2376 baec
640 2311 688 2376 uis
703 2311 774 2390 fuit,
789 2313 827 2376 ut
839 2313 961 2377 dulcem
975 2331 1113 2394 saporem
1126 2312 1250 2377 fluentis
1263 2311 1333 2376 red·

210 2413 303 2478 deret.
325 2414 392 2479 exin
407 2416 581 2497 promotum
595 2433 706 2498 agmen
720 2414 801 2496 apud
814 2415 900 2480 Elim
913 2415 1075 2480 duodecim
1088 2414 1226 2480 lontibus
1240 2412 1363 2497 aqua-'4

81 2528 85 2537 ·
209 2535 279 2581 urm
293 2517 325 2582 et
339 2517 534 2601 septuaginta
546 2517 705 2582 arboribus
719 2517 892 2600 palmarum
906 2518 1033 2602 repertis
1048 2518 1192 2583 consedit.
1212 2536 1335 2582 rursum

176 2620 339 2701 sopopulus
354 2619 468 2684 famem
483 2638 664 2703 conquerens
678 2621 805 2703 Moysen
818 2620 1003 2703 increpabat,
1019 2620 1155 2704 Aegypti
1172 2620 1335 2684 seruitium

211 2739 282 2786 cum
302 2723 462 2787 saturitate
482 2723 598 2788 uentris
618 2722 805 2788 desiderans:
826 2725 895 2788 tum
916 2742 989 2807 grex
1003 2723 1194 2788 coturnicum
1207 2741 1335 2805 superne

210 2824 324 2890 missus
339 2827 438 2890 castra
451 2825 597 2908 oppleuit.
613 2827 731 2908 postero
746 2827 850 2891 autem
862 2826 911 2891 die
921 2826 1170 2891 animaduerterit
1183 2826 1236 2908 qui
1251 2826 1363 2892 artas

211 2928 312 2992 castra
331 2929 549 3010 processerant,
572 2928 675 3010 paruis
696 2928 880 3010 quibusdum
900 2929 1021 3011 siliquis
1041 2929 1199 3010 oppletum
1218 2928 1334 2992 solum:

211 3049 340 3112 quarum
362 3031 476 3113 species
498 3031 531 3096 in
551 3031 679 3096 modum
700 3031 850 3097 coriandri
871 3031 997 3096 seminis
1021 3030 1145 3114 glaciali
1166 3030 1335 3094 albitudine

177 3155 202 3197 rr
211 3133 291 3212 orat,
311 3134 348 3198 ut
362 3133 465 3198 crebro
480 3133 615 3198 hibernis
630 3133 785 3200 mansibus
800 3134 991 3217 superductis
1010 3133 1128 3216 pruinis
1142 3132 1208 3216 tegi
1222 3133 1364 3206 terrama

212 3235 361 3303 uidemus.
384 3237 454 3301 tum
474 3255 528 3319 per
547 3237 673 3320 Moysen
693 3238 823 3319 populus
846 3237 1040 3313 admonetur,
1062 3253 1172 3318 punam
1191 3235 1273 3300 bunc
1291 3235 1336 3299 eis

211 3356 335 3402 munere
350 3340 481 3404 missum
491 3339 564 3405 Dei:
579 3359 827 3423 unumquemque
841 3340 873 3405 in
887 3339 920 3404 id
934 3339 1049 3421 paratis
1063 3337 1198 3406 uasculis
1212 3338 1336 3403 taan

314 3546 349 3603 11
369 3543 447 3598 Erod.
470 3544 513 3602 15.
552 3542 588 3600 19
606 3543 685 3598 Exod
701 3543 745 3600 16.

264 3719 282 3774 2
300 3718 364 3785 sort.
377 3733 426 3771 nec
443 3715 527 3770 ullum
590 3713 609 3772 3
626 3713 752 3783 qnoniam
771 3715 885 3782 scripsi.-
906 3728 958 3781 quo
978 3712 1021 3766 Pb
1040 3713 1106 3780 (pro
1116 3712 1191 3781 quo),
1213 3711 1282 3779 qnod
1303 3711 1337 3764 de

213 3805 301 3858 Proto
352 3803 547 3858 dercensitum
560 3801 600 3868 P,
612 3801 677 3854 dem
687 3817 710 3854 o.
723 3803 759 3853 10
770 3798 901 3853 excercitu
953 3796 1336 3865 iocrtauelut-oegyptins

213 3891 241 3943 P
256 3891 289 3944 iar
305 3889 393 3943 litora
409 3889 515 3956 scriptu
531 3887 623 3953 babet,
646 3885 694 3939 aed
708 3885 801 3953 proboso
817 3901 905 3938 maa
966 3882 1002 3939 ll
1020 3881 1204 3937 incolumitate
1221 3898 1335 3947 suorum,

213 3975 294 4030 exitio
305 3974 424 4028 bostium
435 3974 464 4026 b:
489 3971 674 4026 incolumitate
690 3970 800 4024 eritimn
818 3969 935 4023 boetimn
953 3970 993 4032 P,
1018 3985 1058 4022 an
1074 3967 1109 4021 ob
1126 3967 1338 4022 incolumitatem

213 4075 319 4116 suornm
336 4062 364 4113 st
377 4057 563 4112 eritiumh.?
581 4059 594 4124 ΙΙ
614 4057 715 4110 uirtute
736 4057 777 4110 P.-
795 4055 950 4123 uirtnteque
966 4055 995 4118 b,
1018 4053 1171 4121 uirtuteqne
1191 4053 1243 4106 Dei
1261 4053 1338 4122 Sipo-

212 4147 277 4200 rrius
339 4145 375 4201 12
393 4144 544 4198 Dominob
598 4142 634 4199 13
652 4141 772 4196 mulieris
793 4143 820 4196 P
838 4143 852 4209 t}
871 4141 1007 4209 ingressus
1026 4141 1068 4207 P,
1093 4155 1141 4192 m
1164 4138 1295 4208 &posim
1313 4141 1327 4207 ΙΙ

212 4231 347 4286 heremum
371 4231 399 4285 P
451 4229 488 4288 15
506 4228 663 4298 impetentis
679 4229 749 4296 (aon
765 4226 945 4296 impatientis)
961 4226 1002 4291 P,
1024 4223 1212 4292 impotentisb
1236 4227 1249 4292 ΙΙ
1276 4239 1337 4278 oon-

211 4317 328 4370 tumatia
346 4317 373 4371 P
437 4314 473 4372 19
497 4313 620 4368 arborum
643 4313 704 4381 Pb,
733 4329 780 4366 eon
806 4311 955 4381 Μήνη
984 4310 1020 4377 cs,
1044 4315 1070 4378 1,
1093 4312 1140 4378 27,
1163 4313 1182 4364 3
1204 4311 1337 4364 oliuarnm

213 4402 319 4456 arbores
330 4405 439 4456 crustae
491 4401 528 4456 21
547 4401 606 4454 tum
625 4415 671 4453 rex
691 4401 877 4454 cctnrnnecnm
893 4397 934 4464 P,
946 4411 993 4450 aaa
1013 4395 1075 4450 inb
1125 4396 1166 4453 24
1182 4396 1304 4450 albedine
1320 4397 1337 4449 b

266 4487 305 4544 26
322 4501 434 4556 pannem
444 4485 472 4540 P
