3300 5142
534 518 613 574 Vita
630 520 655 575 S.
674 520 855 576 Mantinia
874 518 994 578 20-22·
1261 522 1319 586 131

201 674 303 739 soluta
316 674 413 740 artius
428 675 493 740 lora
507 676 703 760 constringit,
726 676 838 741 bouem
852 676 913 741 sibi
927 693 1051 741 oronam
1065 677 1164 759 capite
1178 677 1259 741 inter
1271 676 1321 741 in·

201 777 296 860 guina
310 794 402 842 cornu
416 777 563 862 adegisse.
586 797 641 843 nec
655 779 753 843 multo
768 781 838 862 post
851 779 950 845 uitam
964 779 1107 845 reddidit.
1123 779 1246 858 uideris,
1262 796 1321 861 quo

201 878 314 944 iudicio
328 880 454 945 Domini
469 880 590 948 diabolo
605 882 676 948 data
690 881 784 946 fuerit
797 883 873 948 baec
886 884 1030 966 potestas.
1053 883 1086 948 in
1095 882 1228 947 Martino
1243 881 1350 948 illudo

201 982 343 1049 mirabile
368 984 447 1062 erat,
470 984 550 1067 quod
570 984 750 1050 nouaclum
770 985 841 1064 boc,
857 985 935 1067 quod
958 1003 1049 1068 supra
1062 985 1254 1063 rettulimus,
1269 981 1322 1048 sed

167 1086 302 1151 smulta
326 1087 416 1152 istius
441 1087 540 1166 modi,
564 1087 591 1151 si
615 1088 754 1170 quotiens
775 1088 970 1166 aeddisseut,
994 1087 1084 1173 longo
1099 1085 1322 1169 anteapraeui·

201 1186 293 1254 dobat
306 1190 361 1254 aut
375 1189 434 1254 sibi
449 1190 592 1255 nuntiata
604 1189 751 1256 fratribus
765 1191 929 1257 indicabat.

243 1292 429 1375 Frequenter
443 1293 547 1358 autem
561 1292 714 1372 diabolus,
731 1295 805 1359 dum
820 1293 907 1359 mille
916 1294 1044 1359 nocendi
1054 1293 1172 1359 artibus
1183 1294 1323 1358 sanctum
1333 1297 1373 1360 22

202 1394 305 1460 uirum
320 1394 484 1460 conabatur
498 1395 649 1475 inludere,
666 1396 822 1462 uisibilem
837 1415 869 1462 se
883 1396 912 1462 ei
926 1396 1034 1462 formis
1045 1395 1263 1462 diuersissimis
1273 1395 1322 1460 in·

202 1497 334 1581 gerebat.
358 1517 429 1563 nam
448 1499 603 1563 interdum
623 1499 656 1564 in
681 1499 957 1582 Iouis-personam,
981 1500 1160 1582 plerumque
1179 1497 1321 1576 Mercuri,

167 1625 193 1665 ro
203 1618 290 1684 saepe
305 1601 398 1666 otiam
414 1619 445 1666 se
460 1599 586 1667 Veneris
601 1619 636 1667 ac
650 1602 806 1669 Mineruae
820 1602 1073 1687 transfiguratum
1088 1601 1228 1666 uultibus
1247 1599 1322 1664 offs-

201 1703 302 1769 rebat:
325 1704 470 1769 aduersus
492 1723 583 1786 quem
598 1723 716 1786 semper
730 1706 888 1770 interritus
903 1706 991 1790 signo
1005 1724 1038 1770 se
1052 1705 1150 1770 crucis
1164 1706 1195 1769 et
1209 1701 1322 1767 oratio·

201 1808 249 1872 nis
269 1807 383 1872 auxilio
403 1808 590 1892 protegebat.
614 1808 814 1874 audiebantur
834 1808 1013 1892 plerumque
1032 1806 1182 1886 conuicia,
1211 1804 1350 1889 quibusa

120 1915 122 1918 ’
202 1910 292 1976 illum
307 1911 398 1974 turba
412 1911 594 1976 daemonum
614 1911 764 1993 proteruis
785 1912 910 1976 uocibus
930 1911 1119 1995 increpabat:
1143 1909 1194 1974 sed
1220 1907 1323 1972 omnia

201 2011 279 2078 falsa
303 2014 335 2078 et
359 2032 438 2078 uana
462 2031 642 2097 cognoscens
667 2032 727 2079 non
753 2015 934 2080 monebatur
962 2014 1097 2079 obiectis.
1131 2010 1350 2076 maturare

167 2116 296 2180 raetiam
316 2115 413 2198 aliqui
433 2133 468 2180 ex
488 2114 650 2194 fratribus,
673 2117 794 2182 audisse
809 2136 842 2182 se
856 2117 1033 2183 daemonem
1046 2114 1196 2200 proteruis
1210 2113 1321 2178 Marti-

202 2237 277 2284 num
292 2218 417 2283 uocibus
432 2218 652 2301 increpantem,
675 2239 729 2284 our
749 2220 831 2285 intra
844 2220 1063 2285 monasterium
1078 2218 1195 2300 aliquos
1209 2234 1245 2280 ex
1257 2215 1320 2280 fra-

202 2321 317 2399 tribus,
340 2321 393 2404 qui
407 2321 482 2388 olim
502 2322 692 2404 baptismum
707 2323 836 2388 diuersis
851 2323 1002 2396 erroribus
1016 2319 1232 2405 perdidissent,
1248 2336 1320 2384 con·

201 2441 303 2488 uersos
323 2424 427 2506 postea
446 2425 621 2507 recepisset,
644 2425 841 2508 exponentem
860 2425 990 2492 cumina
1009 2422 1213 2508 singulorum:
1235 2420 1348 2491 Mar-4

200 2525 301 2592 tinum
321 2527 441 2592 diabolo
461 2530 890 2612 repugnantemrespoudisse
910 2530 1092 2603 constanter,
1120 2523 1246 2606 antiqua
1265 2523 1319 2588 de-

166 2642 192 2682 2⁰
200 2629 275 2695 licta
289 2629 425 2694 melioris
440 2630 522 2696 uitae
543 2632 767 2697 conuersatione
786 2632 926 2717 purgari,
949 2633 980 2696 et
1001 2647 1055 2711 por
1078 2626 1318 2692 misericordiam

200 2733 325 2798 Domini
340 2733 539 2798 absoluendos
564 2752 628 2799 esse
653 2735 800 2818 peccatis,
824 2735 877 2817 qui
897 2749 1017 2817 peccare
1037 2730 1190 2796 desierint.
1213 2731 1318 2794 contm

201 2835 320 2901 dicente
334 2835 470 2914 diabolo,
492 2854 552 2901 non
576 2837 726 2918 pertinere
752 2838 790 2902 ad
816 2838 937 2902 ueniam
951 2834 1142 2909 criminosos,
1165 2833 1197 2896 et
1221 2831 1318 2896 semel

200 2938 294 3020 lapsis
308 2938 427 3004 nullam
441 2939 605 3004 aDomino
620 2940 766 3022 praestari
782 2957 867 3022 posse
881 2935 1089 3010 elementiam,
1104 2935 1178 2998 tuno
1192 2933 1225 2997 in
1239 2934 1317 2998 banc

200 3059 306 3106 uocem
326 3040 423 3106 fsrtm
446 3041 628 3108 exclamasse
654 3043 819 3108 Martinus:
841 3039 868 3103 si
892 3040 928 3102 tu
953 3038 1031 3119 ipse,
1053 3034 1254 3113 miserabilis,
1277 3036 1343 3100 abe

166 3143 359 3208 antoninum
381 3143 578 3210 insectatione
600 3147 759 3212 desisteres
781 3146 810 3206 et
831 3143 861 3204 te
882 3139 1031 3204 factorum
1052 3139 1175 3202 tuorum
1194 3138 1246 3203 uel
1259 3138 1317 3204 hoc

200 3249 350 3330 tempore,
373 3265 443 3312 euni
471 3248 535 3313 dies
561 3248 667 3314 iudicii
693 3250 724 3313 in
743 3243 878 3325 proximo
893 3242 953 3317 est,
975 3239 1156 3322 llassssstflfflt,
1179 3259 1235 3326 080
1255 3240 1316 3306 fibi

200 3369 270 3416 uero
296 3347 424 3414 confisus
449 3350 482 3416 in
506 3352 637 3416 Domino
663 3351 734 3418 Jesu
755 3345 873 3410 Christo
893 3341 1133 3407 misericordiam
1147 3344 1314 3426 pollicerer.

251 3539 270 3596 2
287 3555 367 3594 cornu
387 3539 507 3610 adegisse
520 3538 577 3592 BV
594 3531 650 3607 (sect
667 3533 799 3590 Vcornua'
811 3529 943 3601 degessel:
962 3546 1042 3584 cornu
1061 3530 1184 3584 iniecisse
1197 3531 1270 3586 AFv
1292 3532 1304 3599 ll

199 3626 315 3679 multum
327 3627 384 3680 AF
401 3626 413 3694 ll
432 3625 520 3680 reddit
531 3625 561 3678 F
577 3626 592 3688 ll
606 3619 705 3694 uiderip
717 3616 778 3674 AM
780 3616 815 3669 V:
834 3615 938 3669 uideres
954 3617 994 3681 F,
1013 3617 1106 3672 uidens
1118 3618 1159 3686 B,
1178 3618 1277 3672 uidetis
1289 3635 1313 3684 o,

200 3711 300 3766 uiderit
319 3713 342 3766 is
364 3713 397 3766 de
417 3713 504 3766 Prata
510 3731 520 3778 ,-
538 3715 565 3764 at
585 3706 641 3759 ium
658 3701 795 3759 Griseliarus
811 3718 907 3756 aarum
919 3718 974 3756 esse
985 3703 1127 3758 lectionem
1138 3702 1238 3757 uideris
1246 3719 1314 3772 per-

198 3799 303 3866 spexit,
322 3799 356 3865 os,
378 3798 403 3852 ῃ·
423 3798 496 3852 taciti
506 3799 558 3860 ret,
577 3787 717 3856 Muduipii
728 3804 840 3856 pruriens.
854 3788 900 3842 lot.
915 3789 936 3855 ξ.
951 3790 1007 3841 340
1019 3793 1106 3843 ΜΗ
1169 3789 1187 3845 3
1205 3788 1313 3843 diabulo

202 3883 263 3938 Vet
274 3884 314 3938 cic
324 3883 433 3952 saepius
444 3883 473 3938 ic
484 3877 533 3931 hoc
545 3893 601 3930 ocor.
682 3873 701 3932 5
720 3873 742 3926 si
759 3873 882 3940 quotiens
894 3873 1045 3942 ABFQV:
1067 3875 1189 3942 quotiens
1209 3877 1230 3928 2
1250 3874 1315 3928 labri

204 3967 299 4024 (lim
310 3985 341 4036 e;
353 3971 388 4035 cs.
402 3963 474 4024 Ριαῑ.
490 3963 549 4030 111,
563 3963 617 4028 6,1
636 3961 649 4027 ΙΙ
668 3961 730 4012 ante
743 3959 814 4012 AFu
866 3957 884 4015 6
897 3960 1020 4028 autBM
1022 3960 1059 4014 V:
1072 3962 1101 4013 et
1112 3960 1184 4014 AFo
1235 3961 1253 4016 8
1271 3975 1312 4014 co·

198 4053 343 4108 nareturA
389 4043 582 4117 dpersoualll
623 4043 661 4101 10
677 4059 801 4114 persaepe
813 4045 886 4098 AFv
901 4046 913 4112 ΙΙ
929 4045 1000 4098 eninr
1012 4044 1070 4099 AF
1114 4046 1150 4102 12
1169 4045 1313 4101 audieban-

198 4143 241 4192 tur
253 4131 407 4203 AFMQV:
426 4132 601 4187 audiebantur
621 4129 731 4184 etiamn
796 4131 833 4189 15
851 4145 879 4183 so
899 4146 948 4184 om.
960 4129 1016 4199 11¹0
1080 4130 1116 4187 17
1134 4130 1313 4200 prodidissent

198 4224 309 4278 meeber
320 4220 354 4274 de
367 4221 454 4274 Proto
525 4216 560 4274 18
578 4215 717 4284 recipisset
734 4216 759 4290 V
825 4215 865 4272 20
882 4216 1049 4269 conuersious
1066 4215 1092 4270 V
1106 4223 1131 4270 et
1149 4217 1205 4272 cod.
1219 4217 1310 4272 Berol.

247 4305 282 4363 21
300 4305 429 4360 desierint
440 4304 530 4358 BMV
533 4323 542 4356 :
561 4302 710 4356 desinerent
727 4301 797 4358 AFe
850 4301 888 4358 23
905 4301 1037 4370 praestari
1056 4303 1218 4370 posseclerru
1241 4302 1311 4357 BV:

195 4391 324 4460 praestari
337 4391 411 4444 clem.
425 4391 492 4458 AF,
511 4389 585 4443 clem.
598 4386 757 4457 praestaria
809 4386 848 4443 24
865 4386 1054 4440 omiserabilis
1065 4387 1138 4442 AFv
1189 4388 1227 4446 27
1246 4389 1315 4444 Jesu

196 4475 303 4531 Christo
319 4477 357 4531 V:
377 4475 480 4531 Christi
492 4475 563 4530 AFc

1065 4561 1109 4625 9*
