3300 5142
289 487 353 552 130
615 484 760 539 Firmici
776 484 925 539 Materni
943 483 1016 555 Cap
1036 484 1083 542 29.

285 640 387 706 Dens
407 642 499 707 tuus
519 642 587 706 dat
607 640 685 706 tibi
706 639 930 706 inhabitare
952 641 1056 719 illic,
1078 642 1269 709 dicentes:
1292 660 1423 708 eamus

287 747 325 811 et
345 744 656 810 seruiamusdiis
670 744 780 823 aliis,
802 762 896 827 quos
916 763 989 810 non
1009 746 1150 811 nostis:
1172 746 1424 812 interficiens

286 848 442 914 necabis
462 867 592 914 omncs
612 847 750 931 quiqui
771 851 861 914 sunt
882 850 922 915 in
949 850 1117 915 ciuitate
1149 850 1263 915 caede
1295 850 1424 935 gladii

286 952 325 1017 et
355 952 537 1018 incendes
569 952 778 1019 ciuitatem
811 954 896 1039 igni
918 955 955 1018 et
976 954 1053 1019 erit
1075 956 1157 1020 sine
1178 954 1423 1033 habitaculo,

287 1074 359 1122 non
379 1056 663 1122 aedificabitur
691 1057 730 1122 in
751 1060 967 1137 aeternum,
1001 1059 1043 1123 nt
1075 1060 1282 1124 auertatnr
1304 1060 1424 1124 domi·
1447 1074 1461 1111 ⁵

175 1180 357 1234 rum-,nus
378 1160 423 1226 ab
444 1162 716 1246 indignatione
736 1163 819 1227 irae
841 1180 945 1227 suae:
966 1163 970 1244 Ι
990 1166 1027 1227 et
1049 1163 1160 1229 dabit
1181 1163 1257 1228 tibi
1272 1164 1424 1230 miseri·

288 1265 459 1331 cordiam
489 1267 527 1331 ct
557 1266 812 1334 miserebitur
844 1268 902 1334 tui
931 1270 969 1333 et
990 1268 1281 1351 multiplicabit
1302 1269 1355 1346 te,
1389 1268 1425 1333 si

288 1369 512 1436 exaudieris
544 1388 674 1436 nocem
701 1372 847 1438 domini
885 1371 956 1437 Dei
989 1372 1048 1437 tui
1080 1373 1118 1437 et
1150 1372 1423 1437 obseruaueris

259 1475 494 1559 apraecepta
514 1464 620 1539 eius.³
642 1476 870 1542 misericordiae
885 1495 959 1542 suae
973 1476 1078 1555 nobs,
1104 1475 1307 1541 sacratissimi
1322 1476 1424 1559 impe-

288 1580 421 1656 ratores,
443 1579 529 1644 Dens
543 1599 684 1645 summus
698 1581 836 1663 praemia
850 1581 1014 1665 pollicetur
1034 1580 1066 1645 et
1085 1578 1334 1662 amplificationis
1355 1599 1462 1643 ma-ro

289 1683 390 1749 rimae
415 1684 583 1767 augmenta
607 1684 758 1749 decernit:
781 1684 874 1749 facite
900 1686 1005 1767 itaque
1031 1683 1112 1767 qnod
1137 1684 1239 1761 iubet,
1271 1684 1424 1766 complete

289 1786 372 1869 quod
395 1787 555 1871 praecipit
577 1788 716 1871 auspicia
730 1788 834 1853 uestra
847 1788 1018 1853 maioribus
1033 1788 1193 1854 cumulata
1219 1790 1292 1853 sunt
1319 1787 1423 1852 donis:

289 1890 323 1956 iu
336 1889 431 1955 initio
446 1890 519 1956 fidei
533 1890 627 1973 positi
642 1890 743 1956 diuini
753 1892 870 1957 fauoris
881 1893 1072 1958 incrementa
1082 1892 1237 1957 onmes:
1253 1911 1425 1974 numquam

290 2012 347 2059 nos
360 2012 470 2059 manus
483 1994 542 2059 Dei
557 1994 732 2060 ueneranda
746 1995 897 2075 deseruit,
920 2015 1091 2078 numquam
1106 1996 1194 2060 nobis
1208 1994 1425 2060 laborantibus

292 2098 459 2183 denegauit
473 2098 640 2164 auxilinm:
655 2098 749 2164 strati
763 2100 838 2163 sunt
851 2099 1083 2165 aduersantium
1098 2098 1186 2164 cunei
1198 2100 1229 2163 et
1240 2098 1463 2164 rebellantium

292 2204 366 2269 ante
380 2204 576 2285 conspectum
600 2204 740 2269 nestrum
767 2221 888 2285 semper
913 2222 1000 2269 arma
1023 2202 1212 2282 ceciderunt,
1235 2202 1325 2269 missi
1350 2204 1426 2268 sunt

293 2306 418 2391 superbi
432 2306 490 2371 sub
505 2306 616 2390 iugum
629 2306 736 2390 populi
751 2308 783 2371 et
797 2307 922 2372 Persica
936 2308 1011 2373 uota
1025 2306 1169 2389 conlapsa
1183 2308 1256 2372 sunt
1271 2326 1326 2373 nec
1341 2309 1425 2372 stare

295 2412 349 2477 din
364 2412 470 2477 contra
483 2429 539 2475 uos
552 2411 657 2493 potuit
670 2410 763 2475 malis
777 2410 843 2476 suis
858 2412 984 2476 onerata
998 2410 1175 2477 crudelitas.
1197 2412 1257 2476 Dei
1271 2410 1424 2476 uirtutem

294 2516 417 2599 utrique
430 2515 553 2581 dinemo
567 2515 706 2580 sensistis
726 2516 854 2580 euentu:
877 2514 966 2579 uobis
987 2515 1128 2581 caelestis
1148 2514 1296 2581 uictorias
1316 2532 1426 2580 corona

266 2620 416 2686 sonata
429 2620 491 2697 cst,
515 2617 666 2683 felicitate
680 2620 785 2683 uestra
798 2621 905 2684 nostra
920 2618 1098 2685 releuantur
1112 2620 1315 2685 incommoda.
1348 2619 1465 2684 bsecro

295 2723 385 2788 uobis
398 2723 484 2788 Deus
498 2740 656 2803 summus,
686 2722 889 2789 sacratissimi
902 2723 1120 2805 imperatores,
1153 2742 1208 2808 pro
1233 2724 1294 2789 fide
1319 2724 1425 2789 uestra

294 2826 430 2892 reddidit
443 2826 596 2910 praemia,
618 2826 667 2891 bis
682 2845 738 2890 uos
752 2827 880 2892 interim
895 2828 1104 2893 remuneratos
1118 2827 1293 2911 insignibus
1313 2826 1352 2891 ad
1372 2846 1424 2891 ar-

294 2951 370 2997 cana
394 2930 585 2997 uenerandac
609 2930 689 3015 legis
714 2932 839 2997 inuitat.
863 2950 940 3014 pura
960 2932 1078 3009 mento,
1101 2932 1212 2997 deuota
1227 2930 1422 3007 conscientia,

294 3036 469 3119 incorrupto
483 3034 586 3100 animo
601 3034 765 3100 clementia
779 3036 883 3101 uestra
898 3036 1016 3101 caelum
1031 3054 1151 3119 semper
1165 3034 1310 3117 aspiciat,
1326 3034 1425 3099 aDco

294 3160 416 3225 semper
429 3140 568 3222 expectet
582 3138 747 3217 auxilium,
770 3138 886 3205 Christi
906 3140 1115 3206 uenerandum
1139 3158 1253 3204 numen
1279 3138 1465 3221 implorata

295 3248 328 3311 et
348 3262 403 3329 pro
429 3243 530 3309 salute
551 3242 634 3308 orbis
659 3243 811 3308 terrarum
838 3262 874 3309 ac
896 3246 1000 3309 uestra
1026 3242 1156 3309 salutari
1178 3243 1243 3307 Deo
1268 3241 1425 3326 spiritales

295 3350 405 3415 oderat
418 3347 573 3413 uictimas.
597 3346 643 3411 sic
656 3347 745 3413 uobis
765 3347 899 3413 feliciter
919 3348 1030 3413 cuncta
1049 3346 1243 3429 proueniant,
1266 3345 1425 3421 uictoriae,
1476 3336 1479 3345 '

295 3453 468 3536 opulentia,
490 3471 563 3537 par,
586 3452 688 3535 copia,
711 3452 828 3517 sanitas
843 3452 875 3516 et
889 3450 1056 3535 triumphi,
1079 3452 1116 3515 ut
1137 3450 1243 3515 diuina
1263 3449 1426 3515 maiestate

296 3557 434 3643 prouecti
448 3556 554 3622 orbem
568 3558 669 3622 terrae
684 3555 767 3621 felici
782 3555 961 3641 gubernetis
975 3554 1112 3633 imperio.

347 3749 366 3804 3
384 3745 496 3818 negabis
509 3745 537 3800 P
555 3746 568 3813 11
588 3744 635 3814 qni
647 3746 711 3798 sunt
723 3760 742 3797 a
810 3744 831 3800 4
848 3742 1034 3798 habitatores
1102 3744 1121 3803 5
1140 3746 1171 3799 nt
1188 3742 1328 3799 abertatur
1340 3744 1380 3807 P,
1400 3745 1429 3795 ct

296 3837 434 3890 anertctnr
446 3851 465 3887 a
541 3834 578 3890 12
596 3833 731 3887 comulats
743 3833 771 3888 P
846 3833 883 3889 13
901 3833 930 3887 in
946 3832 1057 3887 addidit
1071 3832 1197 3887 Bursian
1220 3834 1232 3902 ΙΙ
1254 3832 1359 3902 positae
1374 3849 1394 3885 α

298 3924 336 3983 15
351 3921 514 3977 reuellautia
526 3921 554 3976 P
589 3920 627 3977 18
638 3919 729 3990 potuit
739 3920 807 3975 Pan
819 3924 836 3973 1
843 3940 852 3973 :
863 3920 965 3990 poterit
974 3920 1002 3973 P
1012 3937 1046 3974 m.
1060 3923 1080 3973 2
1092 3926 1118 3973 et
1130 3936 1149 3973 a
1164 3920 1177 3987 ΙΙ
1193 3921 1303 3974 onerata
1311 3920 1427 3988 scripsi:

296 4012 392 4065 ornata
404 4009 438 4073 P,
451 4010 556 4062 armata
566 4024 585 4061 c
636 4008 677 4064 20
688 4008 730 4061 est
741 4007 884 4061 Barsicos:
902 4006 980 4061 etPo
996 4008 1009 4075 ΙΙ
1025 4005 1189 4061 incommodo
1198 4007 1226 4062 P
1275 4006 1314 4065 25
1330 4022 1429 4059 numen

298 4097 404 4152 Pccrr.
414 4111 448 4149 ex
456 4110 550 4148 nomen
596 4093 635 4150 26
648 4094 804 4163 spirituales
815 4110 834 4147 c
883 4093 921 4150 29
932 4093 1048 4163 protecti
1056 4109 1083 4161 c,
1096 4094 1131 4160 cs.
1139 4112 1168 4162 p.
1180 4097 1242 4161 125,
1255 4096 1294 4149 25
1309 4094 1321 4161 ΙΙ
1337 4094 1428 4162 secui-

297 4190 346 4239 tar
357 4185 390 4238 ia
401 4183 429 4238 P
439 4182 618 4250 subscriptio:
630 4196 704 4236 mnn
717 4195 829 4235 rmmcr
842 4196 972 4235 numum
993 4168 1015 4235 ὖ
1031 4170 1051 4235 E
1068 4194 1106 4235 nn
1126 4196 1238 4236 sancus
1259 4170 1431 4237 mormandi

298 4261 459 4325 armenem—r
470 4284 609 4324 aramme.

713 4428 996 4479 ”wanw-
