3300 5142
605 491 718 548 (ihren.
737 491 772 546 u
793 489 912 548 36-38.
1278 492 1319 556 91

200 648 236 712 ut
250 644 457 711 Athanasium
472 645 599 711 ecclesia
614 647 839 723 submonerent,
855 645 908 729 qui
922 665 1042 728 semper
1056 647 1100 710 eis
1115 645 1203 711 uelut
1213 663 1322 709 murus

199 748 378 814 obstiterat:
394 766 453 829 qne
468 751 585 814 remoto
600 749 733 830 reliquos
747 751 779 814 in
792 749 953 814 libidinem
968 767 1057 814 suam
1068 767 1205 814 cessuros
1216 765 1321 830 spera·

198 851 282 916 bant.
308 849 360 915 sed
386 869 457 933 pars
483 852 709 934 episcoporum,
736 869 813 933 quae
838 849 947 916 Arrios
972 851 1170 932 sequebatur,
1193 850 1351 914 damna-‘1

198 949 322 1020 tionem.
336 951 500 1018 Athanasii
521 955 659 1036 cupitam
687 954 819 1038 accepit:
842 973 913 1036 pars
929 954 1027 1019 eoacti
1041 955 1128 1018 metu
1143 955 1175 1018 ct
1188 951 1321 1017 factione

176 1055 231 1123 sin
246 1055 349 1120 studia
362 1057 500 1138 partium
516 1059 740 1121 concesserant:
763 1056 869 1140 pauci,
892 1056 1002 1138 quibus
1017 1055 1093 1122 fides
1108 1075 1179 1121 cara
1193 1057 1226 1120 et
1238 1055 1322 1119 ueri·

197 1160 247 1222 tas
262 1157 362 1240 potior
386 1159 467 1235 erat,
490 1158 641 1222 iniustum
667 1159 817 1224 iudicium
833 1161 902 1223 'non
926 1159 1124 1241 reespenmt:
1146 1158 1227 1222 inter
1247 1175 1322 1238 quos

196 1259 366 1337 Paulinae,
390 1260 548 1342 episcopus
564 1260 786 1338 Treuerorum,
809 1261 914 1326 oblata
940 1261 999 1326 sibi
1025 1259 1156 1342 epistola
1180 1261 1226 1325 ita
1248 1259 1323 1324 sub-

197 1362 356 1444 scripsisse
381 1362 535 1440 traditur,
559 1383 591 1428 se
616 1363 649 1428 in
673 1363 799 1428 Photini
824 1365 918 1445 atque
939 1361 1079 1428 Marcelli
1094 1362 1322 1427 damnationem

197 1464 342 1548 praebere
357 1483 548 1541 consensum,
564 1465 602 1530 de
617 1465 789 1530 Athanasio
804 1483 865 1530 non
877 1465 1015 1548 probare.

161 1594 188 1634 ro
240 1566 321 1631 Tum
346 1585 419 1631 uero
443 1566 585 1645 Arriani,
619 1567 673 1632 ubi
698 1567 761 1632 deli
787 1587 898 1650 panum
923 1569 1152 1650 processerant,
1175 1567 1209 1631 ui
1232 1568 1375 1650 ageredd

196 1668 371 1734 decemnnt.
395 1688 469 1734 nam
494 1669 647 1751 quidlibet
672 1669 783 1734 audere
805 1672 898 1752 atque
920 1688 1009 1754 agere
1029 1668 1120 1735 facile
1146 1669 1212 1734 erat
1239 1669 1321 1752 regis

196 1770 336 1836 amicitia
357 1771 510 1849 subnixis,
539 1790 630 1852 quem
653 1772 712 1836 sibi
734 1772 840 1856 prauis
861 1771 1089 1837 adulationibus
1111 1771 1318 1836 demnrerant.

196 1873 270 1955 quin
291 1873 387 1938 etiam
408 1890 444 1938 er
459 1875 652 1940 consensione
666 1873 837 1940 multorum
856 1873 1107 1957 inexpugnabiles
1123 1875 1225 1938 crant:
1247 1881 1349 1938 name

180 1993 299 2040 ‚omnes
315 1973 378 2040 fere
392 1974 525 2040 duarum
544 1975 771 2042 Pannoniarum
793 1977 927 2059 episcopi
948 1976 1100 2058 multique
1115 1974 1320 2042 Orientalium

160 2097 187 2137 :a
196 2095 232 2141 ac
246 2079 314 2142 tete
328 2076 405 2142 Asia
419 2078 452 2142 in
466 2077 594 2160 perfidia
610 2097 714 2144 eorum
730 2079 972 2144 coniurauerant.
997 2079 1050 2144 sed
1069 2078 1223 2161 principes
1243 2077 1352 2146 nabe

195 2180 287 2244 istite
302 2179 495 2246 habebantur
510 2200 529 2245 a
543 2179 711 2264 Singidune
726 2178 886 2258 Vrsatins,
909 2179 1023 2245 Valens
1043 2181 1197 2257 aMursa,
1220 2180 1320 2244 Hera-

196 2281 257 2346 clia
284 2281 473 2360 Theodorus,
508 2281 679 2365 Stephanus
704 2281 930 2360 Antiochenus,
962 2282 1094 2348 Aeetius
1118 2301 1138 2348 a
1163 2281 1320 2358 Caesarea,

195 2383 390 2450 Meneiantus
406 2385 541 2468 Epheso,
568 2384 718 2469 Georgius
733 2386 893 2462 Laodicia,
915 2385 1078 2451 Narcissus
1093 2405 1112 2451 a
1125 2384 1319 2468 Neronopeli.

195 2485 227 2551 hi
242 2487 288 2552 ita
309 2486 462 2569 palatium
482 2490 720 2570 occupauerant,
743 2490 780 2553 ut
801 2488 881 2552 nibil
902 2489 967 2554 sine
989 2507 1094 2554 eorum
1115 2489 1194 2553 nutu
1216 2489 1352 2571 ageret4

160 2587 379 2671 aimperater,
413 2590 559 2655 obnoxius
585 2591 711 2671 quidem
737 2591 893 2668 omnibus,
929 2590 982 2654 sed
1007 2591 1170 2673 praecipue
1196 2586 1321 2655 Valenti

194 2690 328 2756 deditus.
352 2710 424 2757 uam
439 2711 474 2757 eo
489 2694 641 2775 tempere,
660 2711 719 2775 quo
734 2693 816 2776 apud
831 2693 971 2758 Mursam
987 2695 1094 2758 contra
1107 2693 1351 2776 Magnentiume

195 2793 291 2858 armis
305 2795 474 2872 certatum,
497 2793 694 2860 Constantius
719 2795 900 2860 descendere
920 2796 953 2859 in
978 2798 1175 2878 conspectum
1200 2812 1322 2878 pugnae

193 2914 252 2961 neu
268 2915 362 2962 ausus
376 2897 409 2960 in
424 2896 552 2962 basilica
567 2899 741 2980 martyrum
756 2901 843 2962 extra
854 2898 1002 2981 oppidum
1016 2899 1091 2976 sita,
1108 2896 1238 2962 Valente
1252 2899 1323 2961 tum

194 2998 260 3064 eius
274 2998 334 3063 leci
349 2999 490 3082 episcopo
504 2999 537 3062 in
552 2999 698 3064 solatium
713 3002 888 3082 assumpto,
911 2999 1085 3064 diuersatus
1105 3002 1161 3064 cst.
1185 3001 1323 3065 ceterum

160 3113 185 3154 π
194 3099 308 3166 Valens
323 3101 434 3166 callide
444 3119 498 3183 per
511 3137 541 3168 a
552 3120 622 3166 snos
634 3101 835 3183 disposuerat,
852 3103 888 3167 ut
902 3101 971 3184 quis
982 3101 1091 3184 proelii
1105 3100 1216 3166 fuisset
1231 3119 1323 3166 euen-

195 3205 247 3268 tus
274 3204 393 3284 primus
419 3205 627 3286 cognosceret,
662 3203 712 3268 uel
738 3204 875 3287 gretiam
903 3204 986 3287 regis
1011 3205 1154 3286 captans,
1187 3204 1215 3268 si
1240 3203 1326 3286 prior

196 3304 312 3368 benum
332 3305 476 3369 nuntium
498 3305 673 3383 detulisset,
703 3306 754 3370 uel
781 3307 867 3371 uitae
892 3305 1067 3384 consulens,
1091 3307 1323 3388 antecapturus

197 3405 336 3490 fugiendi
362 3408 513 3490 spatium,
547 3409 574 3472 ai
589 3409 663 3491 quid
678 3411 784 3473 centra
799 3408 971 3472 accidisset.
993 3408 1100 3489 itaque
1114 3409 1236 3491 paucis,
1269 3409 1352 3491 quic

304 3594 340 3651 15
358 3593 458 3647 Hilarii
471 3593 564 3664 fragm.
578 3593 606 3648 11
618 3595 660 3662 (ex
673 3595 750 3662 epist.
764 3593 864 3649 Sardis
878 3593 989 3663 synodi).

249 3764 268 3821 2
286 3779 452 3819 concessuros
467 3765 605 3832 Veratius,
623 3771 654 3819 eet
667 3771 705 3819 esi
713 3767 801 3834 paule
809 3771 874 3834 pest
885 3783 911 3819 a.
926 3769 943 3819 5
995 3765 1013 3822 3
1032 3765 1116 3820 errice
1129 3766 1167 3819 P:
1178 3764 1287 3818 Arrium
1305 3765 1321 3817 b

248 3849 267 3908 5
285 3852 469 3904 concesserunt
480 3851 548 3904 ceni.
563 3851 597 3904 de
609 3851 697 3906 Prote
761 3851 779 3907 6
797 3850 899 3920 portior
917 3851 944 3905 P
1009 3852 1027 3908 9
1045 3851 1077 3905 de
1089 3853 1120 3906 A.
1133 3867 1185 3904 nou
1196 3848 1321 3919 praebere

201 3931 343 3988 Gicela'ases
392 3935 427 3990 11
448 3933 618 4003 quodlibetb
667 3936 703 3992 12
721 3936 878 3990 deuhorant
891 3937 919 3990 P
965 3937 1001 3994 15
1014 3936 1043 3989 in
1051 3935 1190 4005 perfidiam
1199 3935 1323 3989 Veratius

250 4018 286 4075 16
303 4019 405 4074 mursia
423 4021 463 4087 P,
482 4035 528 4073 em.
542 4020 576 4074 de
588 4021 676 4075 Prote
699 4023 711 4089 ll
733 4020 768 4074 ab
780 4021 906 4075 Heraclia
923 4022 939 4075 b
997 4021 1035 4078 18
1052 4021 1220 4075 menofantus
1232 4020 1272 4087 P,
1290 4027 1324 4074 at

196 4105 265 4159 cerei.
279 4105 313 4158 de
325 4106 426 4160 Proto:
456 4105 633 4174 Metrophanes
651 4107 666 4160 h
690 4109 702 4173 Η
725 4106 856 4160 Laodicea
873 4108 889 4160 b
912 4109 924 4175 ΙΙ
947 4106 1107 4174 Nsronopoli
1120 4105 1251 4175 :dieentes
1263 4106 1324 4172 (ced

196 4189 242 4244 ene
264 4191 442 4260 Neronipoli):
472 4191 585 4260 Neapoli
610 4192 663 4251 Pb,
693 4192 811 4260 Jcropoli
836 4193 892 4246 eod.
918 4193 1027 4246 Halmii
1095 4191 1135 4246 20
1150 4190 1273 4244 obnixius
1296 4192 1325 4245 P

249 4275 286 4330 21
306 4291 422 4329 mursam
435 4277 474 4330 P:
492 4277 640 4331 Morsamb
693 4278 731 4333 22
749 4279 916 4331 constantius
937 4277 995 4346 (ced
1008 4278 1020 4291 ”
1038 4278 1119 4345 eras.)
1137 4277 1176 4330 P:
1195 4275 1325 4332 Constan-

197 4359 306 4414 tinusb
359 4362 397 4417 22
416 4365 555 4430 conspectu
575 4363 601 4416 P
653 4363 691 4420 25
708 4379 755 4430 per
776 4377 854 4432 agros
872 4363 1070 4432 (aelcampum)
1091 4378 1151 4416 suos
1171 4362 1206 4416 de
1225 4362 1323 4425 Prote,

198 4446 257 4513 ipse
269 4447 360 4500 :odim
372 4462 419 4515 per
431 4447 503 4500 uiam
515 4463 575 4501 suos
