3300 5142
565 521 732 591 Dialogus
749 520 771 584 Ι,
790 521 911 582 25-27.
1237 519 1298 585 179

178 686 239 733 111
252 670 351 736 credit
365 669 521 740 Christum
541 676 602 742 ista
623 677 743 742 dixisse.
767 677 820 742 sed
840 675 991 754 infelices,
1015 677 1192 761 degeneres,
1215 690 1327 745 som-6

179 772 313 850 nulenti,
337 793 415 856 quae
428 776 488 859 ipsi
502 776 602 844 facere
615 797 675 844 111
689 783 832 863 possunt,
856 780 939 846 facta
963 780 1001 845 ab
1026 779 1080 844 illo
1106 779 1298 854 erubescunt,

181 876 213 939 et
237 876 358 941 malunt
382 877 468 945 illius
491 899 604 964 negare
623 883 756 948 uirtutes
776 903 869 966 quam
891 902 978 948 suam
993 883 1138 947 inertiam
1152 881 1298 947 confiteri.

180 996 289 1042 uerum
302 980 389 1044 nobis
404 981 444 1046 ael
458 982 521 1048 alia
533 987 764 1068 properantibus
779 987 879 1052 omnis
900 986 1030 1052 istorum
1045 985 1194 1050 memoria
1208 984 1328 1054 rolin-l

157 1081 308 1163 aquetur:
323 1084 358 1147 tu
373 1085 491 1165 potius,
506 1088 543 1150 ut
556 1087 619 1152 iam
634 1088 751 1154 dudum
766 1089 920 1167 desidero,
936 1089 1057 1154 residua
1070 1088 1196 1153 Martini
1212 1105 1302 1170 opera

181 1185 314 1250 contexe.
349 1186 393 1251 at
407 1205 479 1271 ego,
501 1190 642 1272 iuquam,
675 1191 807 1256 arbitror
831 1191 945 1258 rectius
968 1191 1053 1257 istud
1079 1211 1098 1256 a
1123 1189 1212 1256 Gallo
1238 1207 1303 1254 esse

180 1289 381 1371 poscendum,
403 1291 517 1374 quippe
531 1294 585 1374 qui
599 1293 689 1375 plura
702 1296 875 1360 nouerit-
886 1314 984 1378 neque
999 1295 1080 1360 enim
1095 1294 1235 1378 ignorare
1246 1300 1331 1375 111-8

181 1392 243 1456 tuit
257 1392 401 1476 magistri
416 1393 500 1460 fecta
514 1396 683 1478 discipulus
695 1435 735 1444 -
751 1399 783 1462 et
798 1399 852 1480 qui
869 1397 935 1482 non}
945 1397 1088 1462 inmerito
1099 1398 1192 1461 istam
1204 1396 1304 1460 uicem

181 1511 241 1559 nou
254 1496 354 1560 solum
368 1495 518 1578 Martino,
534 1499 698 1565 sedetiam
711 1501 800 1566 nobis
815 1501 938 1576 debeat,
955 1501 1027 1582 quia
1041 1517 1097 1584 ego
1112 1500 1175 1564 iam
1189 1499 1305 1564 librum

145 1627 173 1666 11
182 1597 279 1678 edidi,
301 1601 338 1663 tu
351 1600 499 1666 hactenus
514 1601 719 1668 Orientalium
739 1606 827 1688 gesta
847 1605 1041 1670 memorasti:
1063 1604 1158 1669 istam
1179 1603 1305 1666 demum

182 1702 344 1768 necessarii
359 1705 508 1770 sermonis
527 1705 688 1771 historiam
708 1705 817 1772 Gallus
838 1707 976 1786 euoluat,
1004 1708 1091 1789 quia,
1113 1697 1150 1770 ut
1171 1705 1249 1782 diri,
1273 1706 1305 1768 et

182 1804 269 1870 nobis
295 1805 387 1872 debet
410 1807 554 1890 loquendi
579 1810 680 1874 uicem
700 1812 732 1874 et
751 1810 885 1874 Martiae
900 1827 969 1890 suo,
993 1809 1097 1888 credo,
1119 1807 1300 1892 praestabit,

184 1910 220 1973 ut
233 1927 294 1973 uon
307 1911 437 1993 grauate
451 1909 537 1976 illius
552 1911 636 1976 facta
650 1914 876 1978 commemoret.

224 2013 290 2096 Ego
305 2012 412 2094 plane,
435 2014 536 2096 inquit
550 2012 675 2094 Gallus,
697 2015 771 2080 licet
791 2015 879 2098 inpar
899 2016 959 2080 sim
979 2015 1064 2079 tauto
1079 2015 1177 2092 11111,
1200 2015 1305 2078 tamen
1316 2018 1356 2082 17

146 2114 287 2180 arelatis
314 2116 453 2198 superius
480 2136 499 2182 a
524 2116 723 2183 Postumiam
738 2118 947 2183 oboedientiae
968 2135 1058 2202 cogor
1082 2116 1245 2200 eremphs,
1268 2115 1305 2179 ut

182 2237 293 2283 munus
308 2219 407 2298 istud,
430 2219 511 2300 quod
530 2220 691 2302 inponitis,
714 2238 773 2284 non
793 2239 940 2286 recusem.
964 2220 1017 2286 sed
1038 2220 1113 2285 dum
1134 2219 1235 2302 cogito
1254 2237 1337 2292 mea

183 2320 338 2385 hominem
363 2319 489 2386 Gallum
514 2323 595 2387 inter
619 2323 790 2406 Aquitanos
815 2324 910 2389 uerba
935 2323 1106 2400 facturum,
1135 2340 1240 2387 uereor
1264 2339 1303 2384 ne

184 2423 316 2490 offendat
330 2427 451 2490 uestrae
470 2425 603 2491 nimium
623 2426 753 2492 urbanas
778 2445 867 2492 aures
882 2444 981 2492 sermo
996 2425 1147 2492 rusticior.
1171 2423 1304 2489 audietis

183 2545 233 2592 me
246 2529 352 2592 tamen
367 2528 402 2592 ut
416 2526 624 2594 (lurdonioum
639 2529 809 2608 hominem,
825 2529 904 2595 nihil
919 2549 990 2596 cum
1004 2529 1074 2595 fuco
1089 2528 1142 2593 aut
1158 2527 1304 2592 cothurno

146 2629 366 2713 „loquentem
388 2649 462 2694 nam
488 2631 515 2695 si
539 2631 618 2696 mihi
638 2633 792 2698 tribuistis
812 2633 942 2698 Martini
963 2652 1012 2696 me
1027 2651 1092 2696 esse
1106 2630 1303 2712 discipulum,
1321 2649 1338 2704 3

183 2731 262 2797 illud
287 2733 382 2797 etiam
408 2733 576 2813 1111111111,
600 2736 636 2800 111
659 2735 738 2800 mihi
757 2735 850 2801 liceat
870 2736 1007 2822 exemplo
1022 2735 1107 2800 illius
1121 2735 1225 2798 inanes
1240 2751 1305 2797 ser·

184 2853 310 2901 monum
324 2834 434 2900 faleras
449 2837 481 2900 et
494 2837 657 2902 uerborum
672 2841 851 2922 ornamenta
866 2841 1066 2903 contemnere.
1091 2837 1138 2902 Tu
1153 2855 1240 2914 uero,
1257 2837 1305 2900 iu·
1321 2849 1340 2904 4

186 2937 254 3020 quit
278 2937 513 3019 Postumiauus,
536 2940 587 3005 uel
612 2938 727 3006 Celtice
751 2943 821 3020 aut,
845 2941 872 3006 si
897 2941 1013 3019 mauis,
1037 2939 1155 3005 Gallice
1174 2938 1309 3022 loquerei

189 3041 353 3107 dummodo
378 3041 548 3107 Martinam
572 3043 715 3126 loquaris.
740 3063 795 3127 ego
820 3045 926 3108 sutem
951 3044 1054 3121 oredo,
1078 3043 1165 3126 quia,
1188 3042 1298 3106 etiams

153 3145 292 3213 amotus
307 3163 403 3224 esses,
425 3164 485 3210 non
499 3146 643 3212 defutura
657 3147 716 3212 tibi
731 3148 842 3226 uerba,
866 3147 977 3229 quibus
992 3145 1162 3210 Martinam
1177 3143 1307 3209 facundo

189 3264 240 3312 ore
262 3247 443 3330 loquereris,
466 3250 547 3316 sicut
572 3250 736 3316 Zachariae
755 3251 788 3315 in
808 3250 952 3314 Iohannis
967 3249 1090 3314 nomine
1104 3247 1210 3332 lingua
1225 3264 1309 3313 reso·

290 3439 329 3496 26
347 3436 379 3492 cf.
397 3439 461 3492 Luc.
476 3441 500 3503 1,
514 3437 560 3495 63.
580 3437 625 3495 64.

244 3613 260 3670 1
279 3615 437 3668 somnolenti
456 3613 528 3669 AFo
596 3613 661 3670 611
680 3613 809 3683 sulpicius
830 3611 863 3666 acl
884 3628 932 3681 ego
956 3610 983 3664 V
1037 3609 1167 3679 'lqruifiet
1187 3610 1265 3678 plura
1286 3607 1314 3662 A

245 3701 263 3759 9
281 3701 346 3770 quia
360 3700 396 3755 V:
414 3703 446 3754 ut
457 3701 520 3769 quia
531 3700 588 3769 (qui
600 3700 630 3754 F
634 3716 679 3768 pr.
692 3701 739 3768 m.)
756 3699 827 3752 AFo
860 3700 872 3766 Η
905 3699 933 3751 11
953 3713 1002 3766 ego
1027 3697 1052 3750 V
1069 3695 1145 3750 111ιᾶ
1165 3697 1270 3762 inepte,
1288 3693 1314 3746 si

192 3787 489 3844 1111111111111
534 3786 572 3842 10
583 3786 654 3840 edidi
665 3785 727 3839 ΒΜ
731 3786 768 3839 V:
781 3785 883 3838 editum
895 3783 966 3838 AFv
978 3783 1072 3852 (babeo
1084 3781 1185 3835 editum
1197 3781 1314 3848 Fcorr.)

204 3875 217 3942 11
238 3877 269 3926 tu
281 3874 353 3928 MV:
372 3875 444 3926 actu
456 3873 527 3927 AFo
548 3873 561 3939 11
584 3872 638 3925 ista
648 3871 727 3940 Fpr.
745 3889 779 3924 m.
847 3871 882 3927 11
901 3870 993 3924 uoluat
1014 3869 1039 3923 V
1107 3867 1144 3924 13
1161 3879 1274 3936 grauate
1291 3863 1319 3918 V

247 3959 284 4015 14
302 3962 330 4014 et
340 3959 429 4028 gallus
441 3974 490 4028 ego
501 3959 580 4028 plane
591 3959 681 4026 iuquit
697 3958 722 4012 V
735 3958 747 4026 ΙΙ
763 3957 857 4012 honori
868 3959 958 4010 tamen
968 3955 1097 4026 praelatis
1114 3954 1139 4007 V
1190 3950 1226 4008 16
1240 3947 1315 4004 istud

195 4061 244 4100 oua
258 4046 288 4100 F
293 4063 337 4115 pr.
351 4061 384 4098 m.
439 4043 476 4101 19
493 4043 666 4113 gurdonicum
678 4043 744 4097 AF:
762 4043 947 4112 gorthonicum
964 4043 998 4106 V,
1017 4039 1183 4111 gortonicum
1194 4037 1240 4092 1111
1252 4051 1315 4106 gur·

196 4133 313 4186 tunicum
333 4133 438 4199 aliquot
463 4129 543 4184 (licet.
566 4129 641 4198 labri,
659 4129 830 4198 gorgonicum
842 4129 906 4183 ΒΜ
923 4129 936 4197 ll
958 4130 1066 4182 coturno
1077 4125 1163 4180 AFV
1209 4123 1250 4181 20
1266 4123 1317 4176 tri·

196 4219 295 4273 buistis
304 4219 371 4273 BV:
383 4218 507 4271 tribuitis
516 4216 587 4273 AFo
632 4217 671 4273 22
683 4215 780 4269 faleras
793 4215 886 4270 AFV:
898 4214 1022 4284 phaleras
1034 4231 1050 4267 o
1066 4213 1078 4279 {l
1095 4214 1124 4265 et
1130 4210 1316 4281 postumianus

197 4307 299 4360 tauero
307 4304 401 4375 inquid
415 4305 442 4360 V
489 4304 528 4362 21
544 4302 682 4358 dummodo
696 4301 763 4357 BV:
781 4301 920 4356 dummodo
932 4301 986 4353 iam
1003 4299 1075 4354 AFo
1094 4298 1107 4366 ΙΙ
1126 4297 1158 4351 de
1170 4297 1316 4350 martiuum

197 4391 282 4459 t-uo
293 4408 361 4446 corr.
375 4408 408 4445 111
421 4392 453 4461 2)
467 4391 493 4445 V
505 4392 517 4459 ΙΙ
535 4389 611 4443 credo
622 4389 692 4442 BV:
705 4387 828 4457 profiteor
839 4386 911 4441 AFo
962 4385 1000 4444 25
1018 4382 1141 4438 motusV
1161 4383 1174 4450 ΙΙ
1195 4379 1318 4450 quamuis

200 4477 326 4547 profundo
335 4477 505 4548 oreloquaris
514 4475 651 4544 1111111111
659 4475 723 4530 can
737 4473 774 4543 V,
787 4479 819 4528 ut
828 4473 870 4527 ott
879 4471 912 4526 de
921 4471 1020 4542 Prote)
1071 4467 1110 4526 26
1127 4467 1278 4523 zacchariae
1294 4467 1323 4523 V

1058 4556 1115 4622 12*
