3300 5142
330 481 371 546 88
738 480 889 549 Sulpicii
905 478 1022 532 Seueri

279 639 319 704 al
371 635 517 700 Eiusdem
544 635 667 719 reginae
694 635 838 701 beneficio
865 653 939 698 crux
964 635 1090 700 Domini
1117 636 1186 698 tum
1213 635 1347 716 reperta:
1370 653 1447 717 quae

328 739 478 820 usquein
498 739 645 820 principio
667 737 886 804 obsistentibus
908 738 1030 802 ludaeis
1051 738 1192 818 potuerat
1212 738 1394 814 consecrari,
1416 739 1449 804 et

329 841 434 922 postea
448 841 568 906 dirutae
583 840 719 905 ciuitatis
734 859 877 922 oppressa
891 839 1066 916 ruderibus,
1088 857 1148 904 non
1161 840 1223 906 nisi
1236 842 1303 906 tam
1317 841 1449 906 fideliter

301 943 495 1026 aroquirenti
509 943 623 1008 maurit
633 943 759 1008 ostendi.
776 944 873 1027 igitur
886 943 1004 1008 Helena
1018 943 1154 1025 primum
1167 943 1206 1008 de
1219 943 1285 1008 loco
1299 943 1449 1023 passionis

328 1046 439 1110 certior
453 1044 551 1122 facta
567 1045 691 1110 admota
705 1045 836 1110 militari
849 1065 943 1110 manu
957 1047 1049 1127 atque
1063 1046 1201 1110 omnium
1214 1046 1449 1126 prouincialium
1471 1063 1485 1100 ⁵

327 1147 528 1214 multitudine
542 1147 575 1212 in
589 1148 692 1214 studia
706 1149 829 1232 reginae
843 1148 1044 1224 certantium,
1067 1147 1159 1214 effodi
1180 1150 1295 1214 terram
1320 1150 1353 1214 et
1376 1165 1448 1214 cou-

327 1251 416 1334 tigua
437 1268 574 1332 quaeque
595 1270 631 1316 ac
652 1251 830 1318 uastissima
852 1252 1010 1316 ruinarum
1030 1252 1157 1334 purgari
1170 1251 1272 1316 iubet:
1294 1269 1365 1316 mox
1378 1269 1448 1331 pre·

328 1353 407 1418 tium
432 1351 504 1418 fidei
525 1354 557 1418 et
580 1353 694 1420 laboris
714 1355 776 1420 tres
790 1355 905 1435 pariter
919 1373 1037 1429 cruces,
1060 1355 1140 1418 sicut
1163 1354 1238 1419 olim
1258 1354 1388 1418 Domino
1412 1372 1449 1418 ac

300 1454 497 1520 elatronibus
526 1456 644 1520 duobus
662 1455 749 1532 ‚fixae
777 1455 913 1534 fuerant,
946 1457 1146 1538 reperirmtur.
1170 1457 1220 1521 hic
1249 1475 1322 1522 uero
1350 1456 1449 1520 maior

328 1558 503 1624 dinoscendi
516 1558 664 1640 patibuli,
680 1577 739 1641 quo
754 1559 903 1624 Dominus
918 1559 1116 1641 pependerat,
1131 1559 1300 1624 difficultas
1310 1558 1449 1624 omnium
1456 1577 1484 1618 ro

327 1662 445 1726 ammos
465 1663 643 1744 mentesque
661 1662 855 1738 turbauerat,
877 1681 916 1727 ne
931 1680 1030 1727 errore
1049 1661 1228 1727 mortalium
1243 1661 1373 1727 forsitan
1393 1679 1448 1744 pro

298 1775 415 1834 scruas
440 1763 565 1828 Domini
600 1764 727 1830 latronis
750 1764 926 1845 patibulum
950 1767 1168 1830 consecrarent.
1191 1765 1317 1846 capiunt
1339 1763 1448 1829 deinde

327 1867 503 1944 consilium,
519 1867 555 1930 ut
569 1867 703 1948 aliquem
717 1886 820 1932 recem
835 1869 992 1932 mortuum
1006 1867 1146 1932 crucibus
1166 1868 1372 1932 admouerent.
1393 1885 1449 1932 nec

327 1987 427 2046 mora,
451 1971 539 2050 quasi
553 1970 611 2034 Dei
624 1971 702 2035 nutu
719 1969 810 2034 funus
825 1970 953 2034 extincti
968 1969 1166 2035 sollemnibus
1181 1970 1316 2052 exequiis
1329 1968 1447 2036 defere-

297 2072 418 2152 5batur
432 2089 637 2154 concursuque
651 2073 787 2138 omnium
807 2071 920 2138 feretro
939 2090 1047 2154 corpus
1068 2073 1204 2153 eripitm.
1229 2072 1348 2138 duabus
1362 2072 1482 2153 priuos

326 2175 442 2240 frustra
456 2175 596 2240 cursibus
610 2175 758 2253 admotis,
773 2175 828 2240 ubi
843 2174 958 2240 Christi
969 2174 1108 2256 patibulo
1119 2176 1271 2241 attactum
1281 2176 1343 2252 est,
1359 2174 1447 2240 dictu

325 2277 482 2356 mirabile,
505 2278 730 2359 trepidantibus
745 2278 880 2356 cunctis,
903 2277 995 2343 funus
1009 2297 1170 2343 excussum
1185 2278 1217 2342 et
1230 2278 1311 2342 inter
1325 2279 1446 2361 specta·

324 2381 405 2444 tores
421 2399 490 2445 suos
506 2381 621 2444 astitit:
645 2400 718 2446 crux
732 2383 853 2462 reperta
866 2380 1019 2462 dignoque
1033 2380 1153 2444 ambitu
1167 2381 1349 2446 consecrata.

274 2493 315 2557 35
367 2483 426 2546 His
440 2501 494 2562 per
508 2483 661 2546 Helenam
680 2483 791 2565 gestis,
814 2483 949 2564 principe
970 2481 1143 2548 Christiano
1162 2482 1339 2548 libertatem
1353 2484 1447 2564 atque

325 2585 499 2666 exemptum
513 2584 585 2650 fidei
600 2584 732 2650 muudus
748 2585 919 2666 acceperat:
942 2585 996 2650 sed
1016 2586 1106 2669 louge
1127 2586 1260 2651 atrocius
1274 2584 1481 2666 periculumso

324 2687 442 2752 cunctis
472 2688 607 2753 ecclesiis
642 2688 697 2752 illa
730 2706 805 2768 pace
833 2690 1022 2770 generatum.
1055 2706 1187 2769 namque
1215 2691 1284 2753 tum
1311 2687 1447 2753 haeresis

324 2789 456 2855 Arsiana
484 2791 623 2874 prorupit
657 2791 817 2872 totumque
851 2790 955 2856 orbem
988 2790 1100 2856 iniecto
1129 2808 1228 2856 errore
1256 2790 1444 2856 turbauerat.

296 2893 439 2958 satanan
454 2892 571 2958 duobus
585 2893 686 2958 Arriis
701 2893 859 2958 acenimis
878 2893 1022 2974 perfidiae
1041 2893 1132 2959 huius
1152 2893 1327 2958 auctoribus
1346 2892 1445 2974 impe-

323 2997 407 3060 rator
421 2997 517 3061 etiam
531 2997 725 3078 deprauatus,
741 2996 822 3060 dum·
831 2996 890 3062 sibi
906 2996 1063 3081 religionis
1078 2996 1216 3062 officium
1235 2995 1359 3061 uidetur
1382 2996 1445 3060 im-

322 3100 420 3180 plere,
443 3100 509 3164 uim
523 3099 741 3180 persecutionis
766 3099 915 3165 exercuit:
944 3101 1066 3181 actique
1090 3099 1123 3164 in
1148 3099 1275 3164 exilium
1299 3097 1442 3181 episcopi,
1453 3123 1478 3165 :a

322 3203 477 3268 saeuitum
496 3203 529 3267 in
549 3203 688 3278 clericos,
711 3203 960 3268 animaduersum
980 3203 1013 3266 in
1027 3201 1137 3280 laicos,
1159 3202 1212 3282 qui
1234 3219 1267 3266 se
1281 3201 1320 3266 ab
1334 3199 1443 3266 Arrio-

294 3319 392 3374 3rom
412 3305 623 3370 communione
649 3307 849 3370 sacreueraut.
874 3323 952 3386 quae
977 3306 1082 3368 autem
1105 3304 1191 3368 Arrii
1215 3303 1442 3384 praedicabant,

322 3408 409 3472 arant
423 3407 615 3472 huiusmodi:
635 3409 755 3489 patrem
770 3408 871 3472 Deum
884 3407 1065 3472 instituendi
1087 3406 1169 3472 orbis
1189 3425 1282 3472 causa
1301 3406 1443 3490 genuisse

425 3593 441 3649 l
460 3609 514 3662 cap.
535 3593 573 3649 34
590 3609 621 3646 ox
632 3593 740 3647 Paulini
757 3609 795 3662 ep.
814 3595 841 3652 5.
898 3593 936 3650 27
947 3623 979 3631 -
989 3609 1013 3662 p.
1027 3592 1078 3657 89,
1101 3594 1120 3648 2
1138 3609 1168 3646 ex
1181 3593 1285 3646 Hilario
1297 3593 1391 3662 fragm
1404 3591 1441 3656 Η,

322 3677 360 3734 26
372 3677 491 3734 colom
505 3677 542 3732 sd.
556 3679 650 3732 Veron.
665 3677 750 3735 1730.

372 3847 490 3918 ipsium
503 3847 530 3901 P
582 3847 619 3904 10
629 3847 828 3917 dignoscendib
846 3850 858 3916 ΙΙ
874 3864 926 3916 quo
938 3848 978 3901 P:
1001 3847 1030 3900 iu
1050 3863 1101 3915 quo
1125 3848 1141 3900 b
1206 3847 1244 3903 14
1261 3847 1340 3900 sunus
1353 3847 1390 3910 P,
1409 3853 1442 3901 ssi

320 3935 388 3990 coni.
404 3933 545 4004 Sipooius:
558 3933 658 3988 funeris
670 3935 685 3987 b
702 3936 713 4002 Η
729 3936 808 3988 immo
820 3933 990 3996 efferebatur,
1002 3939 1035 3988 at
1046 3933 1247 4000 Hofoaeocms
1255 3949 1360 4002 qaoque
1368 3933 1443 3987 uidit

371 4019 409 4076 22
426 4019 540 4073 misna
551 4019 585 4074 de
597 4020 696 4074 Proto:
715 4019 814 4072 anim
833 4020 866 4082 P,
883 4019 958 4074 Arrii
975 4021 991 4074 b
1008 4020 1048 4087 (P
1057 4035 1162 4089 semper
1178 4019 1258 4074 habet
1274 4019 1372 4082 arrius,
1391 4019 1442 4072 etsi

319 4111 465 4159 mmccccl
476 4105 722 4176 proccom’Apsr'oc)
738 4109 750 4174 Η
766 4103 864 4158 iniecto
873 4107 911 4160 P:
925 4104 1030 4159 inuecto
1041 4107 1057 4160 b
1103 4106 1143 4161 24
1154 4105 1315 4173 deprauatus
1325 4103 1389 4157 dum
1401 4104 1440 4156 P:

318 4190 491 4260 deprauatur:
510 4189 623 4260 dumque
635 4191 651 4245 b
672 4192 684 4258 Η
704 4191 821 4259 regionis
833 4191 861 4244 P
911 4190 949 4247 26
962 4191 1161 4246 animaduersus
1171 4191 1198 4244 P
1213 4193 1226 4259 ΙΙ
1240 4191 1412 4244 Atrianorum
1424 4190 1440 4242 b

370 4275 407 4333 27
420 4276 527 4330 Arriani
539 4277 555 4330 b
600 4277 638 4334 28
650 4275 830 4330 huiuscemodi
842 4276 858 4329 b
874 4277 887 4343 11
901 4275 980 4330 deum
992 4278 1030 4331 P:
1044 4275 1153 4330 Domini
1164 4277 1180 4330 b
1192 4277 1295 4344 (prom
1305 4275 1442 4330 intellecto

317 4361 477 4430 compendio
494 4363 525 4416 ia
547 4363 651 4432 Pdril);
670 4362 746 4429 apocri
767 4361 911 4416 Hilarium
930 4368 981 4416 esc:
1005 4361 1149 4417 tradebant
1168 4364 1257 4416 autem
1277 4361 1338 4414 Arii
1357 4359 1440 4414 talia:

316 4452 420 4516 patrem
442 4448 527 4502 Deum
550 4446 709 4502 instituendi
729 4447 801 4502 orbis
824 4463 904 4500 causa
923 4446 1046 4516 genuisse
1066 4446 1164 4509 lilium,
1192 4448 1219 4500 at
1239 4462 1287 4514 pro
1306 4447 1441 4514 potestate
