3300 5142
334 525 397 590 122
739 525 882 579 firmici
900 524 1049 579 laterai

331 679 439 745 sieut
459 699 589 763 agnus
610 682 693 747 siue
720 682 880 747 malitia
912 682 1127 763 perductus
1159 704 1240 749 snm
1272 686 1318 749 ad
1350 687 1471 751 uicti·

330 802 447 848 mam:
479 784 521 847 iu
541 804 601 849 me
622 786 902 869 cogitauerunt
923 786 1147 869 cogitatum
1173 787 1369 853 dieentes:
1403 808 1470 854 ue-

330 887 430 963 nite,
463 888 669 953 mittamus
690 890 846 973 lignum
875 891 912 954 in
943 908 1078 973 panem
1101 891 1185 955 eins
1206 893 1245 956 et
1265 892 1469 957 eradamus

301 998 350 1063 la
369 992 474 1057 terra
495 992 617 1057 uitam
638 982 743 1058 einse'
769 1012 888 1077 agnum
912 994 1017 1057 autem
1041 995 1195 1077 appellari
1220 995 1383 1061 dominum
1408 1012 1467 1060 no-

218 1117 321 1163 verea.
330 1096 431 1159 strom
445 1098 553 1161 sancta
565 1097 655 1161 nohis
668 1097 855 1163 reuelatione
873 1100 1072 1162 monstratur.
1096 1099 1129 1163 iu
1147 1098 1335 1182 Apomlypm
1355 1102 1360 1179 l
1380 1099 1467 1163 enim
1488 1129 1502 1168 s

330 1198 376 1261 ito
392 1199 569 1263 innenimus
593 1218 660 1263 esee
685 1200 907 1283 perscriptum:
939 1193 990 1265 ‘et
1011 1200 1102 1265 eidi
1122 1202 1163 1267 iu
1186 1201 1311 1266 medio
1332 1202 1467 1267 throni

329 1304 369 1365 et
389 1304 577 1383 quattuor
596 1302 826 1368 animalium
849 1306 888 1369 et
910 1304 948 1369 in
969 1304 1095 1370 medio
1109 1304 1307 1369 seniorum
1322 1324 1467 1389 agnum

329 1406 510 1470 stantem
531 1406 643 1488 quasi
664 1406 849 1483 occisum,
872 1407 1078 1473 habentem
1100 1426 1242 1473 cornua
1263 1410 1467 1490 septemet

329 1509 463 1575 oculos
494 1512 658 1591 septem,
692 1510 758 1593 qui
790 1514 881 1576 eunt
912 1515 1060 1594 septem
1082 1513 1248 1593 spiritus
1270 1512 1330 1576 dei
1352 1511 1466 1576 missi

329 1632 396 1695 per
415 1612 545 1677 orbem
566 1615 710 1679 terrae:
732 1616 770 1678 et
790 1614 899 1679 uenit
920 1619 960 1678 et
980 1617 1133 1697 accepit
1154 1614 1299 1679 librum
1314 1613 1358 1679 de
1376 1613 1502 1681 dex-ru
1619 1615 1620 1643 ¹

330 1720 424 1782 tero
444 1716 616 1782 cedentis
638 1717 678 1781 in
699 1717 853 1795 throno,
888 1720 926 1781 et
948 1737 1033 1783 enm
1060 1718 1279 1802 accepisset
1300 1717 1465 1794 librum,

328 1824 513 1903 quattuor
533 1820 727 1885 animalia
747 1822 786 1884 et
807 1820 954 1905 uiginti
976 1822 1163 1903 quattuor
1183 1820 1358 1886 seniores
1381 1838 1466 1904 pro-

328 1926 564 1989 straverunt
593 1941 632 1988 se
662 1924 749 1989 ante
780 1942 919 2007 agnum
946 1923 1134 1989 hahentes
1156 1924 1306 2009 singuli
1328 1942 1465 1989 aureas

328 2026 502 2093 citharas
533 2026 667 2108 plenas
697 2027 961 2091 odoramentis
995 2028 1344 2109 supplicationum,
1367 2046 1466 2109 quae

327 2134 421 2195 eunt
452 2128 650 2195 orationes
687 2132 927 2209 sanctornm,
965 2134 1003 2195 et
1031 2132 1292 2195 certauerunt
1325 2148 1500 2200 nonnum

327 2233 529 2299 coriticam
561 2232 753 2299 dieentes:
788 2233 933 2317 dignus
971 2252 1009 2298 es
1042 2234 1215 2317 accipere
1248 2232 1392 2297 lihrum
1427 2235 1466 2298 et

328 2337 482 2421 aperire
502 2338 618 2421 signa
638 2336 739 2415 eius,
761 2338 942 2419 qnoniam
957 2338 1113 2403 occisus
1135 2356 1172 2403 es
1195 2338 1232 2402 et
1253 2336 1466 2403 redemisti

327 2458 394 2507 noe
416 2440 483 2505 deo
505 2440 698 2524 sanguiue
719 2443 785 2505 tuo
807 2441 973 2505 exomni
995 2440 1105 2506 tribu
1127 2444 1164 2505 et
1186 2441 1329 2525 lingna
1349 2441 1466 2524 etpo-

328 2544 421 2628 pulo
443 2546 481 2609 et
501 2544 661 2610 natione
693 2544 731 2608 et
764 2562 830 2609 nos
857 2562 1017 2628 regnum
1040 2544 1109 2609 deo
1131 2546 1265 2609 nostro
1287 2544 1466 2609 sacerdo-

298 2650 469 2731 stesque
491 2646 627 2713 iecisti
648 2650 683 2711 et
703 2646 948 2731 regnabimus
970 2666 1085 2730 snper
1107 2636 1275 2713 terram’
1308 2647 1502 2713 remunera

328 2770 450 2834 qnoque
463 2750 566 2815 lilium
580 2749 639 2815 Dei
663 2750 738 2833 agni
757 2752 881 2815 nomine
897 2750 1048 2833 appellat,
1071 2754 1108 2817 nt
1133 2752 1166 2817 et
1185 2751 1252 2833 ipse
1265 2750 1466 2833 propheticae

328 2853 547 2938 pollicitationi
561 2853 757 2935 respondeat:
771 2854 818 2919 ait
832 2854 916 2920 enim
930 2854 964 2918 in
978 2854 1154 2939 euangelio:
1176 2846 1313 2921 ‘altero
1330 2853 1391 2919 die
1406 2854 1464 2918 ni-

329 2959 396 3024 det
417 2958 608 3023 Iohannes
635 2957 760 3023 Iesum
794 2957 1013 3022 uenientem
1047 2956 1093 3022 ad
1126 2976 1165 3023 se
1198 2960 1236 3021 et
1269 2957 1343 3023 ait:
1377 2976 1464 3021 eece

328 3080 449 3146 agnus
471 3060 547 3139 dei,
580 3062 748 3144 eccequi
776 3060 909 3126 aufert
930 3062 1087 3143 peccata
1107 3049 1262 3126 mundi.'
1289 3078 1345 3143 pro
1360 3059 1464 3124 salute

327 3163 489 3231 hominnm
503 3164 577 3248 agui
604 3163 695 3229 istius
721 3164 912 3230 uenerandus
934 3164 1060 3249 sanguis
1082 3163 1266 3241 effunditur,
1290 3168 1324 3226 ot
1339 3164 1499 3227 sanctosas

328 3286 400 3333 suos
413 3267 497 3333 filius
508 3267 566 3333 Dei
577 3266 753 3350 profusione
762 3267 891 3349 pretiosi
902 3265 1061 3351 sanguinis
1072 3267 1215 3343 redimat
1231 3266 1332 3348 utqui
1345 3264 1463 3331 Christi

328 3370 479 3455 sanguine
504 3370 695 3448 liberaretur,
718 3370 884 3435 maiestate
904 3370 990 3454 prius
1004 3370 1180 3435 inmortalis
1203 3368 1362 3454 sanguinis
1388 3386 1462 3433 eon-

327 3476 494 3541 recreetur,
509 3473 663 3539 nemiuem
674 3474 751 3555 aput
761 3473 846 3538 idola
857 3473 999 3555 profusus
1010 3472 1137 3557 sanguis
1147 3472 1259 3551 munit,
1275 3473 1308 3537 et
1321 3491 1360 3536 no
1370 3488 1463 3536 cruor

327 3577 481 3663 pecudum
504 3576 633 3642 miseros
657 3575 799 3642 homines
822 3578 879 3641 aut
896 3576 1031 3659 decipiat
1046 3578 1101 3641 aut
1115 3574 1238 3658 perdat,
1261 3574 1374 3659 polluit
1388 3592 1462 3639 san-

327 3682 402 3767 guis
416 3681 488 3761 iste,
511 3698 572 3745 non
586 3679 727 3757 redimit,
750 3681 782 3745 et
807 3698 862 3762 per
886 3680 989 3745 uarios
1004 3698 1093 3745 ossus
1117 3679 1258 3744 homines
1284 3678 1400 3760 promit
1427 3678 1497 3743 ina

214 3802 317 3849 rorare
328 3786 477 3851 mortem:
500 3783 607 3850 miseri
621 3784 694 3847 sunt
719 3782 772 3865 qui
798 3781 973 3865 profusione
988 3782 1133 3868 sacrilegi
1148 3782 1307 3867 sanguinis
1327 3784 1331 3863 Ι
1350 3800 1463 3847 ornen-

430 3988 449 4046 6
467 3988 548 4059 Apoc-
560 3989 588 4056 5,
601 3987 702 4045 6-10.
756 3988 795 4045 22
812 3987 874 4042 Joh.
889 3988 914 4053 1,
927 3986 975 4045 29.

379 4177 484 4248 3pene
501 4178 530 4233 P
608 4177 694 4247 dits]
711 4179 744 4233 e're
763 4177 811 4245 sol.
835 4176 887 4234 28·
900 4182 926 4231 et
943 4175 997 4234 291»
1012 4176 1162 4245 correptores
1182 4176 1292 4231 litterae
1311 4178 1372 4243 sere
1392 4190 1461 4231 erra·

327 4270 453 4321 remeet
507 4263 545 4321 14
563 4263 689 4335 cytharae
695 4264 735 4332 P,
748 4264 871 4334 eytheras
884 4264 913 4317 et
923 4264 1032 4332 pateras
1044 4262 1112 4317 coni.
1121 4260 1263 4329 Berricen
1276 4261 1357 4317 hahet
1368 4267 1463 4316 teetree

326 4366 457 4423 praecise:
470 4349 588 4423 κιθάρας
596 4355 644 4406 eal
654 4347 756 4423 poeitae
763 4351 871 4422 χρυσᾶς
881 4348 1024 4421 γεμούσας
1032 4345 1222 4421 θυμιαμάτων
1270 4348 1307 4408 15
1320 4350 1384 4402 sunt
1392 4347 1461 4403 aad.

326 4438 467 4503 Brereien,
485 4439 672 4506 quaeeranta
724 4436 761 4493 18
778 4438 827 4490 tuo
838 4438 866 4491 et
877 4435 990 4491 omniP
1043 4434 1079 4493 19
1097 4451 1189 4489 noso:
1208 4450 1252 4489 eos
1265 4434 1305 4503 P,
1323 4436 1360 4502 cf.
1375 4436 1462 4489 Bure.

327 4522 432 4579 adlel.
492 4523 529 4580 28
546 4523 691 4579 munitP:
710 4522 841 4577 iuuerito
893 4520 1076 4592 asperorum
1089 4522 1117 4577 P
1168 4520 1204 4579 31
1224 4520 1350 4575 morteP
