<?xml version="1.0" encoding="UTF-8"?>
<!DOCTYPE html PUBLIC "-//W3C//DTD XHTML 1.0 Transitional//EN"
    "http://www.w3.org/TR/xhtml1/DTD/xhtml1-transitional.dtd">
<html xmlns="http://www.w3.org/1999/xhtml" xml:lang="en" lang="en">
 <head>
  <title>
</title>
<meta http-equiv="Content-Type" content="text/html;charset=utf-8" />
  <meta name='ocr-system' content='tesseract 3.04.00' />
  <meta name='ocr-capabilities' content='ocr_page ocr_carea ocr_par ocr_line ocrx_word'/>
</head>
<body>
  <div class='ocr_page' id='page_1' title='image "./corpusscriptoru12wissgoog_0325.png"; bbox 0 0 3300 5142; ppageno 0'>
   <div class='ocr_carea' id='block_1_1' title="bbox 1251 553 1317 612">
    <p class='ocr_par' dir='ltr' id='par_1_1' title="bbox 1251 553 1317 612">
     <span class='ocr_line' id='line_1_1' title="bbox 1251 553 1317 612; baseline 0 0"><span class='ocrx_word' id='word_1_1' title='bbox 1251 553 1317 612; x_wconf 71' lang='lat'><strong>111</strong></span> 
     </span>
    </p>
   </div>
   <div class='ocr_carea' id='block_1_2' title="bbox 122 710 1316 4428">
    <p class='ocr_par' dir='ltr' id='par_1_2' title="bbox 122 710 1316 4428">
     <span class='ocr_line' id='line_1_2' title="bbox 181 710 1314 811; baseline -0.002 -23"><span class='ocrx_word' id='word_1_2' title='bbox 181 713 256 791; x_wconf 80' lang='lat' dir='ltr'><strong>iem</strong></span> <span class='ocrx_word' id='word_1_3' title='bbox 278 713 398 788; x_wconf 85' lang='lat' dir='ltr'><strong>multa</strong></span> <span class='ocrx_word' id='word_1_4' title='bbox 420 711 702 810; x_wconf 74' lang='lat' dir='ltr'><strong>antecesserint]</strong></span> <span class='ocrx_word' id='word_1_5' title='bbox 730 737 838 787; x_wconf 62' lang='lat' dir='ltr'><strong>rena</strong></span> <span class='ocrx_word' id='word_1_6' title='bbox 862 712 942 811; x_wconf 80' lang='lat' dir='ltr'><strong>ipse</strong></span> <span class='ocrx_word' id='word_1_7' title='bbox 974 724 1006 786; x_wconf 86' lang='lat' dir='ltr'><strong>et</strong></span> <span class='ocrx_word' id='word_1_8' title='bbox 1030 710 1112 811; x_wconf 76' lang='lat' dir='ltr'><strong>ipsa</strong></span> <span class='ocrx_word' id='word_1_9' title='bbox 1137 711 1314 811; x_wconf 70' lang='lat' dir='ltr'><strong>mysteria,</strong></span> 
     </span>
     <span class='ocr_line' id='line_1_3' title="bbox 180 831 1316 930; baseline 0 -24"><span class='ocrx_word' id='word_1_10' title='bbox 180 842 262 906; x_wconf 85' lang='lat' dir='ltr'><strong>tum</strong></span> <span class='ocrx_word' id='word_1_11' title='bbox 289 832 458 930; x_wconf 84' lang='lat' dir='ltr'><strong>loquitur</strong></span> <span class='ocrx_word' id='word_1_12' title='bbox 483 831 531 906; x_wconf 88' lang='lat' dir='ltr'><strong>de</strong></span> <span class='ocrx_word' id='word_1_13' title='bbox 555 833 680 913; x_wconf 71' lang='lat' dir='ltr'><strong>torma</strong></span> <span class='ocrx_word' id='word_1_14' title='bbox 714 843 752 907; x_wconf 86' lang='lat' dir='ltr'><strong>et</strong></span> <span class='ocrx_word' id='word_1_15' title='bbox 776 833 907 908; x_wconf 83' lang='lat' dir='ltr'><strong>habitu</strong></span> <span class='ocrx_word' id='word_1_16' title='bbox 942 832 1116 924; x_wconf 83' lang='lat' dir='ltr'><strong>deorum,</strong></span> <span class='ocrx_word' id='word_1_17' title='bbox 1158 831 1316 930; x_wconf 88' lang='lat' dir='ltr'><strong>denique</strong></span> 
     </span>
     <span class='ocr_line' id='line_1_4' title="bbox 181 953 1315 1054; baseline 0 -26"><span class='ocrx_word' id='word_1_18' title='bbox 181 956 232 1053; x_wconf 91' lang='lat' dir='ltr'><strong>(p.</strong></span> <span class='ocrx_word' id='word_1_19' title='bbox 258 957 317 1044; x_wconf 96' lang='grc'><strong>32,</strong></span> <span class='ocrx_word' id='word_1_20' title='bbox 344 956 391 1027; x_wconf 88' lang='grc'><strong>22</strong></span> <span class='ocrx_word' id='word_1_21' title='bbox 415 956 511 1051; x_wconf 85' lang='lat' dir='ltr'><strong>sqq.)</strong></span> <span class='ocrx_word' id='word_1_22' title='bbox 540 953 588 1028; x_wconf 87' lang='lat' dir='ltr'><strong>de</strong></span> <span class='ocrx_word' id='word_1_23' title='bbox 613 956 832 1031; x_wconf 77' lang='lat' dir='ltr'><strong>commentis</strong></span> <span class='ocrx_word' id='word_1_24' title='bbox 864 964 1075 1054; x_wconf 86' lang='lat' dir='ltr'><strong>poetarum,</strong></span> <span class='ocrx_word' id='word_1_25' title='bbox 1107 978 1202 1053; x_wconf 82' lang='lat' dir='ltr'><strong>quaa</strong></span> <span class='ocrx_word' id='word_1_26' title='bbox 1228 979 1315 1052; x_wconf 79' lang='lat' dir='ltr'><strong>para</strong></span> 
     </span>
     <span class='ocr_line' id='line_1_5' title="bbox 180 1071 1314 1174; baseline -0.003 -24"><span class='ocrx_word' id='word_1_27' title='bbox 180 1073 422 1150; x_wconf 77' lang='lat' dir='ltr'>concluditur</span> <span class='ocrx_word' id='word_1_28' title='bbox 443 1073 500 1147; x_wconf 86' lang='lat' dir='ltr'><strong>hie</strong></span> <span class='ocrx_word' id='word_1_29' title='bbox 523 1073 665 1148; x_wconf 73' lang='lat' dir='ltr'><strong>uerbis:</strong></span> <span class='ocrx_word' id='word_1_30' title='bbox 687 1073 743 1150; x_wconf 77' lang='lat' dir='ltr'><strong>irie</strong></span> <span class='ocrx_word' id='word_1_31' title='bbox 764 1087 866 1174; x_wconf 65' lang='lat' dir='ltr'><strong>atqie</strong></span> <span class='ocrx_word' id='word_1_32' title='bbox 880 1072 1085 1151; x_wconf 65' lang='lat' dir='ltr'><strong>hemodi</strong></span> <span class='ocrx_word' id='word_1_33' title='bbox 1096 1071 1314 1172; x_wconf 60' lang='lat' dir='ltr'><strong>flemene.</strong></span> 
     </span>
     <span class='ocr_line' id='line_1_6' title="bbox 181 1194 1316 1294; baseline -0.002 -24"><span class='ocrx_word' id='word_1_34' title='bbox 181 1207 459 1294; x_wconf 68' lang='lat' dir='ltr'><strong>corrumperetur</strong></span> <span class='ocrx_word' id='word_1_35' title='bbox 485 1194 632 1293; x_wconf 63' lang='lat' dir='ltr'><strong>inentia</strong></span> <span class='ocrx_word' id='word_1_36' title='bbox 650 1220 848 1294; x_wconf 72' lang='lat' dir='ltr'><strong>puerorum</strong></span> <span class='ocrx_word' id='word_1_37' title='bbox 888 1208 956 1269; x_wconf 87' lang='lat' dir='ltr'><strong>et..</strong></span> <span class='ocrx_word' id='word_1_38' title='bbox 984 1196 1188 1270; x_wconf 72' lang='lat' dir='ltr'><strong>adolere-ne</strong></span> <span class='ocrx_word' id='word_1_39' title='bbox 1219 1207 1251 1269; x_wconf 87' lang='lat' dir='ltr'><strong>et</strong></span> <span class='ocrx_word' id='word_1_40' title='bbox 1276 1195 1316 1268; x_wconf 78' lang='lat' dir='ltr'><strong>rit</strong></span> 
     </span>
     <span class='ocr_line' id='line_1_7' title="bbox 179 1314 1316 1413; baseline -0.001 -23"><span class='ocrx_word' id='word_1_41' title='bbox 179 1316 292 1390; x_wconf 71' lang='lat' dir='ltr'><strong>eidem</strong></span> <span class='ocrx_word' id='word_1_42' title='bbox 318 1314 545 1413; x_wconf 72' lang='lat' dir='ltr'><strong>opinionibus</strong></span> <span class='ocrx_word' id='word_1_43' title='bbox 570 1315 695 1390; x_wconf 66' lang='lat' dir='ltr'><strong>mrim</strong></span> <span class='ocrx_word' id='word_1_44' title='bbox 719 1328 992 1407; x_wconf 66' lang='lat' dir='ltr'><strong>consenesceret,</strong></span> <span class='ocrx_word' id='word_1_45' title='bbox 1021 1341 1101 1390; x_wconf 81' lang='lat' dir='ltr'><strong>cem</strong></span> <span class='ocrx_word' id='word_1_46' title='bbox 1117 1315 1163 1389; x_wconf 78' lang='lat' dir='ltr'><strong>sit</strong></span> <span class='ocrx_word' id='word_1_47' title='bbox 1184 1316 1316 1390; x_wconf 67' lang='lat' dir='ltr'><strong>ceritas</strong></span> 
     </span>
     <span class='ocr_line' id='line_1_8' title="bbox 180 1433 1315 1535; baseline 0.001 -26"><span class='ocrx_word' id='word_1_48' title='bbox 180 1433 287 1510; x_wconf 65' lang='lat' dir='ltr'><strong>ebrae</strong></span> <span class='ocrx_word' id='word_1_49' title='bbox 311 1438 374 1510; x_wconf 75' lang='lat' dir='ltr'><strong>red</strong></span> <span class='ocrx_word' id='word_1_50' title='bbox 397 1434 650 1535; x_wconf 64' lang='lat' dir='ltr'><em>requirentibus</em></span> <span class='ocrx_word' id='word_1_51' title='bbox 671 1436 723 1535; x_wconf 86' lang='lat' dir='ltr'><strong>(p.</strong></span> <span class='ocrx_word' id='word_1_52' title='bbox 748 1439 808 1528; x_wconf 91' lang='grc'><strong>33,</strong></span> <span class='ocrx_word' id='word_1_53' title='bbox 836 1439 881 1510; x_wconf 90' lang='grc'><strong>18</strong></span> <span class='ocrx_word' id='word_1_54' title='bbox 905 1436 1013 1534; x_wconf 63' lang='lat' dir='ltr'><strong>sqq).</strong></span> <span class='ocrx_word' id='word_1_55' title='bbox 1046 1437 1121 1509; x_wconf 87' lang='lat' dir='ltr'><strong>iam</strong></span> <span class='ocrx_word' id='word_1_56' title='bbox 1158 1461 1206 1510; x_wconf 86' lang='lat' dir='ltr'><strong>ex</strong></span> <span class='ocrx_word' id='word_1_57' title='bbox 1233 1436 1315 1510; x_wconf 82' lang='lat' dir='ltr'>uul-</span> 
     </span>
     <span class='ocr_line' id='line_1_9' title="bbox 179 1556 1315 1656; baseline -0.001 -25"><span class='ocrx_word' id='word_1_58' title='bbox 179 1557 260 1656; x_wconf 81' lang='lat' dir='ltr'><strong>gari</strong></span> <span class='ocrx_word' id='word_1_59' title='bbox 283 1557 413 1631; x_wconf 85' lang='lat' dir='ltr'>ordine</span> <span class='ocrx_word' id='word_1_60' title='bbox 447 1556 637 1631; x_wconf 76' lang='lat' dir='ltr'><strong>Minucius</strong></span> <span class='ocrx_word' id='word_1_61' title='bbox 677 1558 730 1632; x_wconf 82' lang='lat' dir='ltr'><strong>sic</strong></span> <span class='ocrx_word' id='word_1_62' title='bbox 764 1558 973 1656; x_wconf 79' lang='lat' dir='ltr'><strong>perrexisse</strong></span> <span class='ocrx_word' id='word_1_63' title='bbox 1014 1559 1138 1631; x_wconf 80' lang='lat' dir='ltr'><strong>fertur</strong></span> <span class='ocrx_word' id='word_1_64' title='bbox 1177 1561 1229 1655; x_wconf 80' lang='lat' dir='ltr'><strong>(p.</strong></span> <span class='ocrx_word' id='word_1_65' title='bbox 1255 1560 1315 1649; x_wconf 89' lang='grc'><strong>29,</strong></span> 
     </span>
     <span class='ocr_line' id='line_1_10' title="bbox 180 1675 1314 1778; baseline 0.001 -28"><span class='ocrx_word' id='word_1_66' title='bbox 180 1676 264 1774; x_wconf 77' lang='grc'><strong>21);</strong></span> <span class='ocrx_word' id='word_1_67' title='bbox 292 1675 489 1751; x_wconf 75' lang='lat' dir='ltr'><strong>Saturnum</strong></span> <span class='ocrx_word' id='word_1_68' title='bbox 515 1679 611 1752; x_wconf 79' lang='lat' dir='ltr'><strong>enim</strong></span> <span class='ocrx_word' id='word_1_69' title='bbox 629 1679 837 1778; x_wconf 52' lang='lat' dir='ltr'><strong>pererrem</strong></span> <span class='ocrx_word' id='word_1_70' title='bbox 868 1677 971 1752; x_wconf 76' lang='lat' dir='ltr'><strong>haiae</strong></span> <span class='ocrx_word' id='word_1_71' title='bbox 1008 1677 1147 1776; x_wconf 66' lang='lat' dir='ltr'><strong>qenerie</strong></span> <span class='ocrx_word' id='word_1_72' title='bbox 1173 1689 1205 1752; x_wconf 84' lang='lat' dir='ltr'><strong>et</strong></span> <span class='ocrx_word' id='word_1_73' title='bbox 1231 1702 1314 1751; x_wconf 80' lang='lat' dir='ltr'><strong>eea-</strong></span> 
     </span>
     <span class='ocr_line' id='line_1_11' title="bbox 178 1796 1315 1896; baseline -0.001 -25"><span class='ocrx_word' id='word_1_74' title='bbox 178 1797 286 1872; x_wconf 71' lang='lat' dir='ltr'><strong>me&#39;nee</strong></span> <span class='ocrx_word' id='word_1_75' title='bbox 313 1823 434 1872; x_wconf 74' lang='lat' dir='ltr'><strong>omnes</strong></span> <span class='ocrx_word' id='word_1_76' title='bbox 471 1798 660 1896; x_wconf 64' lang='lat' dir='ltr'><strong>scriptores</strong></span> <span class='ocrx_word' id='word_1_77' title='bbox 697 1799 879 1874; x_wconf 68' lang='lat' dir='ltr'><strong>uetanetie</strong></span> <span class='ocrx_word' id='word_1_78' title='bbox 922 1796 1055 1872; x_wconf 78' lang='lat' dir='ltr'><strong>Graeci</strong></span> <span class='ocrx_word' id='word_1_79' title='bbox 1091 1797 1315 1895; x_wconf 73' lang='lat' dir='ltr'><strong>Romanique</strong></span> 
     </span>
     <span class='ocr_line' id='line_1_12' title="bbox 178 1915 1315 2018; baseline -0.003 -25"><span class='ocrx_word' id='word_1_80' title='bbox 178 1915 355 1993; x_wconf 72' lang='lat' dir='ltr'><strong>hominem</strong></span> <span class='ocrx_word' id='word_1_81' title='bbox 373 1917 621 2018; x_wconf 71' lang='lat' dir='ltr'><strong>predeiierrerrt.</strong></span> <span class='ocrx_word' id='word_1_82' title='bbox 661 1920 752 1994; x_wconf 88' lang='lat' dir='ltr'><strong>haee</strong></span> <span class='ocrx_word' id='word_1_83' title='bbox 789 1922 888 1994; x_wconf 83' lang='lat' dir='ltr'><strong>inter</strong></span> <span class='ocrx_word' id='word_1_84' title='bbox 923 1943 962 1999; x_wconf 83' lang='lat' dir='ltr'><strong>ee</strong></span> <span class='ocrx_word' id='word_1_85' title='bbox 1001 1943 1078 1992; x_wconf 91' lang='lat' dir='ltr'><strong>non</strong></span> <span class='ocrx_word' id='word_1_86' title='bbox 1118 1919 1315 1992; x_wconf 87' lang='lat' dir='ltr'><strong>cohaerere</strong></span> 
     </span>
     <span class='ocr_line' id='line_1_13' title="bbox 179 2039 1314 2138; baseline -0.001 -26"><span class='ocrx_word' id='word_1_87' title='bbox 179 2039 299 2112; x_wconf 79' lang='lat' dir='ltr'><strong>cuiuis</strong></span> <span class='ocrx_word' id='word_1_88' title='bbox 321 2039 534 2112; x_wconf 76' lang='lat' dir='ltr'><strong>accuratius</strong></span> <span class='ocrx_word' id='word_1_89' title='bbox 558 2039 718 2114; x_wconf 82' lang='lat' dir='ltr'><strong>intuenti</strong></span> <span class='ocrx_word' id='word_1_90' title='bbox 739 2065 814 2114; x_wconf 90' lang='lat' dir='ltr'><strong>non</strong></span> <span class='ocrx_word' id='word_1_91' title='bbox 839 2047 962 2138; x_wconf 82' lang='lat' dir='ltr'><strong>potest</strong></span> <span class='ocrx_word' id='word_1_92' title='bbox 980 2065 1056 2114; x_wconf 88' lang='lat' dir='ltr'><strong>non</strong></span> <span class='ocrx_word' id='word_1_93' title='bbox 1075 2041 1314 2112; x_wconf 79' lang='lat' dir='ltr'><strong>manifestum</strong></span> 
     </span>
     <span class='ocr_line' id='line_1_14' title="bbox 179 2159 1314 2258; baseline -0.001 -26"><span class='ocrx_word' id='word_1_94' title='bbox 179 2183 277 2250; x_wconf 80' lang='lat' dir='ltr'><strong>eece3</strong></span> <span class='ocrx_word' id='word_1_95' title='bbox 322 2184 424 2233; x_wconf 87' lang='lat' dir='ltr'><strong>nunc</strong></span> <span class='ocrx_word' id='word_1_96' title='bbox 463 2161 562 2234; x_wconf 88' lang='lat' dir='ltr'><strong>enim</strong></span> <span class='ocrx_word' id='word_1_97' title='bbox 604 2159 753 2233; x_wconf 90' lang='lat' dir='ltr'><strong>demum</strong></span> <span class='ocrx_word' id='word_1_98' title='bbox 794 2161 966 2258; x_wconf 84' lang='lat' dir='ltr'><strong>sequitur</strong></span> <span class='ocrx_word' id='word_1_99' title='bbox 995 2159 1112 2233; x_wconf 85' lang='lat' dir='ltr'><strong>altera</strong></span> <span class='ocrx_word' id='word_1_100' title='bbox 1137 2159 1202 2231; x_wconf 83' lang='lat' dir='ltr'><strong>illa</strong></span> <span class='ocrx_word' id='word_1_101' title='bbox 1227 2183 1314 2256; x_wconf 80' lang='lat' dir='ltr'><strong>para</strong></span> 
     </span>
     <span class='ocr_line' id='line_1_15' title="bbox 178 2279 1310 2380; baseline -0.001 -28"><span class='ocrx_word' id='word_1_102' title='bbox 178 2279 440 2377; x_wconf 62' lang='lat' dir='ltr'><strong>disputationis</strong></span> <span class='ocrx_word' id='word_1_103' title='bbox 467 2305 544 2380; x_wconf 84' lang='lat' dir='ltr'><strong>cap.</strong></span> <span class='ocrx_word' id='word_1_104' title='bbox 570 2284 617 2363; x_wconf 89' lang='grc'><strong>21</strong></span> <span class='ocrx_word' id='word_1_105' title='bbox 646 2281 833 2379; x_wconf 80' lang='lat' dir='ltr'><strong>inceptae,</strong></span> <span class='ocrx_word' id='word_1_106' title='bbox 861 2281 882 2352; x_wconf 91' lang='lat' dir='ltr'><strong>i.</strong></span> <span class='ocrx_word' id='word_1_107' title='bbox 902 2306 931 2353; x_wconf 87' lang='lat' dir='ltr'><strong>e.</strong></span> <span class='ocrx_word' id='word_1_108' title='bbox 957 2279 1173 2354; x_wconf 86' lang='lat' dir='ltr'><strong>testimonia</strong></span> <span class='ocrx_word' id='word_1_109' title='bbox 1194 2279 1310 2352; x_wconf 84' lang='lat' dir='ltr'><strong>histo·</strong></span> 
     </span>
     <span class='ocr_line' id='line_1_16' title="bbox 177 2399 1312 2498; baseline -0.002 -25"><span class='ocrx_word' id='word_1_110' title='bbox 177 2401 343 2474; x_wconf 85' lang='lat' dir='ltr'><strong>ricorum</strong></span> <span class='ocrx_word' id='word_1_111' title='bbox 371 2400 418 2475; x_wconf 87' lang='lat' dir='ltr'><strong>de</strong></span> <span class='ocrx_word' id='word_1_112' title='bbox 445 2400 518 2474; x_wconf 84' lang='lat' dir='ltr'><strong>diie</strong></span> <span class='ocrx_word' id='word_1_113' title='bbox 544 2401 766 2475; x_wconf 74' lang='lat' dir='ltr'><strong>hominibus.</strong></span> <span class='ocrx_word' id='word_1_114' title='bbox 792 2400 950 2498; x_wconf 78' lang='lat' dir='ltr'><strong>legimus</strong></span> <span class='ocrx_word' id='word_1_115' title='bbox 978 2399 1031 2472; x_wconf 91' lang='lat' dir='ltr'><strong>ibi</strong></span> <span class='ocrx_word' id='word_1_116' title='bbox 1065 2399 1116 2498; x_wconf 81' lang='lat' dir='ltr'><strong>(p.</strong></span> <span class='ocrx_word' id='word_1_117' title='bbox 1141 2401 1200 2490; x_wconf 88' lang='grc'><strong>29,</strong></span> <span class='ocrx_word' id='word_1_118' title='bbox 1228 2400 1312 2496; x_wconf 80' lang='lat'>18):</span> 
     </span>
     <span class='ocr_line' id='line_1_17' title="bbox 177 2519 1309 2620; baseline -0.001 -26"><span class='ocrx_word' id='word_1_119' title='bbox 177 2519 416 2595; x_wconf 77' lang='lat' dir='ltr'><strong>Alexander..</strong></span> <span class='ocrx_word' id='word_1_120' title='bbox 439 2522 575 2620; x_wconf 72' lang='lat' dir='ltr'><strong>ieeiqne&#39;</strong></span> <span class='ocrx_word' id='word_1_121' title='bbox 593 2522 772 2596; x_wconf 77' lang='lat' dir='ltr'><strong>uolumine</strong></span> <span class='ocrx_word' id='word_1_122' title='bbox 793 2523 844 2596; x_wconf 82' lang='lat' dir='ltr'><strong>ed</strong></span> <span class='ocrx_word' id='word_1_123' title='bbox 864 2533 1013 2595; x_wconf 83' lang='lat' dir='ltr'><strong>matrem</strong></span> <span class='ocrx_word' id='word_1_124' title='bbox 1035 2546 1137 2594; x_wconf 72' lang='lat' dir='ltr'><strong>retem</strong></span> <span class='ocrx_word' id='word_1_125' title='bbox 1158 2520 1309 2618; x_wconf 65' lang='lat' dir='ltr'><strong>sempsit,</strong></span> 
     </span>
     <span class='ocr_line' id='line_1_18' title="bbox 175 2639 1310 2741; baseline 0 -27"><span class='ocrx_word' id='word_1_126' title='bbox 175 2653 269 2714; x_wconf 78' lang='lat' dir='ltr'><strong>meta</strong></span> <span class='ocrx_word' id='word_1_127' title='bbox 307 2667 391 2716; x_wconf 71' lang='lat' dir='ltr'><strong>nece</strong></span> <span class='ocrx_word' id='word_1_128' title='bbox 423 2643 609 2741; x_wconf 68' lang='lat' dir='ltr'><strong>potestate</strong></span> <span class='ocrx_word' id='word_1_129' title='bbox 628 2642 817 2740; x_wconf 75' lang='lat' dir='ltr'><strong>proditum</strong></span> <span class='ocrx_word' id='word_1_130' title='bbox 842 2639 911 2715; x_wconf 74' lang='lat' dir='ltr'><strong>nti</strong></span> <span class='ocrx_word' id='word_1_131' title='bbox 948 2642 990 2715; x_wconf 84' lang='lat' dir='ltr'><strong>de</strong></span> <span class='ocrx_word' id='word_1_132' title='bbox 1017 2641 1086 2714; x_wconf 76' lang='lat' dir='ltr'><strong>deis</strong></span> <span class='ocrx_word' id='word_1_133' title='bbox 1111 2639 1310 2714; x_wconf 72' lang='lat' dir='ltr'><strong>heeeeneime</strong></span> 
     </span>
     <span class='ocr_line' id='line_1_19' title="bbox 177 2761 1310 2860; baseline -0.001 -25"><span class='ocrx_word' id='word_1_134' title='bbox 177 2789 201 2835; x_wconf 85' lang='lat' dir='ltr'><em>a</em></span> <span class='ocrx_word' id='word_1_135' title='bbox 239 2765 419 2838; x_wconf 75' lang='lat' dir='ltr'><strong>sacerdote</strong></span> <span class='ocrx_word' id='word_1_136' title='bbox 458 2777 644 2838; x_wconf 76' lang='lat' dir='ltr'><strong>secretam:</strong></span> <span class='ocrx_word' id='word_1_137' title='bbox 679 2764 752 2837; x_wconf 68' lang='lat' dir='ltr'><strong>attic</strong></span> <span class='ocrx_word' id='word_1_138' title='bbox 791 2761 985 2838; x_wconf 73' lang='lat' dir='ltr'><strong>Vulcanum</strong></span> <span class='ocrx_word' id='word_1_139' title='bbox 1015 2761 1113 2860; x_wconf 73' lang='lat' dir='ltr'><strong>feeit</strong></span> <span class='ocrx_word' id='word_1_140' title='bbox 1153 2762 1310 2835; x_wconf 70' lang='lat' dir='ltr'><strong>emerem</strong></span> 
     </span>
     <span class='ocr_line' id='line_1_20' title="bbox 171 2882 1311 2983; baseline -0.001 -28"><span class='ocrx_word' id='word_1_141' title='bbox 171 2882 379 2982; x_wconf 59' lang='lat' dir='ltr'><strong>percepere</strong></span> <span class='ocrx_word' id='word_1_142' title='bbox 405 2897 438 2958; x_wconf 88' lang='lat' dir='ltr'><strong>et</strong></span> <span class='ocrx_word' id='word_1_143' title='bbox 456 2897 586 2983; x_wconf 78' lang='lat' dir='ltr'><strong>postea</strong></span> <span class='ocrx_word' id='word_1_144' title='bbox 618 2883 742 2957; x_wconf 77' lang='lat' dir='ltr'><strong>Joue&#39;e</strong></span> <span class='ocrx_word' id='word_1_145' title='bbox 770 2895 951 2981; x_wconf 70' lang='lat' dir='ltr'><strong>qentcm.</strong></span> <span class='ocrx_word' id='word_1_146' title='bbox 992 2883 1074 2979; x_wconf 86' lang='lat' dir='ltr'><strong>quis</strong></span> <span class='ocrx_word' id='word_1_147' title='bbox 1100 2907 1174 2955; x_wconf 91' lang='lat' dir='ltr'><strong>non</strong></span> <span class='ocrx_word' id='word_1_148' title='bbox 1206 2883 1311 2954; x_wconf 87' lang='lat' dir='ltr'><strong>uidet</strong></span> 
     </span>
     <span class='ocr_line' id='line_1_21' title="bbox 179 3000 1309 3100; baseline 0 -26"><span class='ocrx_word' id='word_1_149' title='bbox 179 3027 264 3084; x_wconf 84' lang='lat' dir='ltr'><strong>eum</strong></span> <span class='ocrx_word' id='word_1_150' title='bbox 300 3004 357 3076; x_wconf 86' lang='lat' dir='ltr'><strong>his</strong></span> <span class='ocrx_word' id='word_1_151' title='bbox 391 3004 518 3078; x_wconf 86' lang='lat' dir='ltr'><strong>uerbis</strong></span> <span class='ocrx_word' id='word_1_152' title='bbox 554 3003 807 3080; x_wconf 85' lang='lat' dir='ltr'><strong>continuanda</strong></span> <span class='ocrx_word' id='word_1_153' title='bbox 842 3028 922 3077; x_wconf 85' lang='lat' dir='ltr'><strong>esse</strong></span> <span class='ocrx_word' id='word_1_154' title='bbox 949 3027 1045 3100; x_wconf 81' lang='lat' dir='ltr'><strong>quae</strong></span> <span class='ocrx_word' id='word_1_155' title='bbox 1072 3002 1118 3076; x_wconf 83' lang='lat' dir='ltr'><strong>de</strong></span> <span class='ocrx_word' id='word_1_156' title='bbox 1145 3000 1309 3075; x_wconf 85' lang='lat' dir='ltr'><strong>Saturno</strong></span> 
     </span>
     <span class='ocr_line' id='line_1_22' title="bbox 177 3123 1309 3224; baseline -0.004 -28"><span class='ocrx_word' id='word_1_157' title='bbox 177 3125 227 3220; x_wconf 87' lang='lat' dir='ltr'><strong>(p.</strong></span> <span class='ocrx_word' id='word_1_158' title='bbox 251 3125 311 3214; x_wconf 90' lang='grc'><strong>29,</strong></span> <span class='ocrx_word' id='word_1_159' title='bbox 337 3127 405 3216; x_wconf 85' lang='grc'><strong>21;</strong></span> <span class='ocrx_word' id='word_1_160' title='bbox 445 3147 493 3198; x_wconf 87' lang='lat' dir='ltr'><strong>ex</strong></span> <span class='ocrx_word' id='word_1_161' title='bbox 521 3125 670 3224; x_wconf 85' lang='lat' dir='ltr'><strong>uulgari</strong></span> <span class='ocrx_word' id='word_1_162' title='bbox 711 3124 842 3198; x_wconf 85' lang='lat' dir='ltr'><strong>ordine</strong></span> <span class='ocrx_word' id='word_1_163' title='bbox 882 3149 909 3197; x_wconf 84' lang='lat' dir='ltr'><strong>c</strong></span> <span class='ocrx_word' id='word_1_164' title='bbox 935 3126 995 3215; x_wconf 87' lang='grc'><strong>22,</strong></span> <span class='ocrx_word' id='word_1_165' title='bbox 1021 3124 1060 3222; x_wconf 86' lang='grc'><strong>9)</strong></span> <span class='ocrx_word' id='word_1_166' title='bbox 1087 3123 1309 3196; x_wconf 83' lang='lat' dir='ltr'><strong>traduntur:</strong></span> 
     </span>
     <span class='ocr_line' id='line_1_23' title="bbox 176 3239 1309 3344; baseline 0 -27"><span class='ocrx_word' id='word_1_167' title='bbox 176 3239 374 3318; x_wconf 73' lang='lat' dir='ltr'><strong>satureum</strong></span> <span class='ocrx_word' id='word_1_168' title='bbox 401 3245 495 3319; x_wconf 82' lang='lat' dir='ltr'><strong>eree&#39;m</strong></span> <span class='ocrx_word' id='word_1_169' title='bbox 518 3245 720 3344; x_wconf 63' lang='lat' dir='ltr'><strong>priempere</strong></span> <span class='ocrx_word' id='word_1_170' title='bbox 744 3244 871 3319; x_wconf 77' lang='lat' dir='ltr'><strong>huius</strong></span> <span class='ocrx_word' id='word_1_171' title='bbox 905 3245 1090 3343; x_wconf 64' lang='lat' dir='ltr'><strong>certeris</strong></span> <span class='ocrx_word' id='word_1_172' title='bbox 1129 3256 1169 3317; x_wconf 87' lang='lat' dir='ltr'><strong>et</strong></span> <span class='ocrx_word' id='word_1_173' title='bbox 1208 3267 1309 3317; x_wconf 77' lang='lat' dir='ltr'><strong>eea-</strong></span> 
     </span>
     <span class='ocr_line' id='line_1_24' title="bbox 176 3362 1310 3465; baseline 0.002 -29"><span class='ocrx_word' id='word_1_174' title='bbox 176 3362 314 3438; x_wconf 79' lang='lat' dir='ltr'><strong>me&#39;ree&#39;e</strong></span> <span class='ocrx_word' id='word_1_175' title='bbox 354 3390 472 3439; x_wconf 79' lang='lat' dir='ltr'><strong>omnes</strong></span> <span class='ocrx_word' id='word_1_176' title='bbox 510 3367 734 3465; x_wconf 74' lang='lat' dir='ltr'><strong>scriptores..</strong></span> <span class='ocrx_word' id='word_1_177' title='bbox 768 3365 1016 3464; x_wconf 75' lang='lat' dir='ltr'><strong>prodiderunt.</strong></span> <span class='ocrx_word' id='word_1_178' title='bbox 1045 3363 1181 3463; x_wconf 84' lang='lat' dir='ltr'><strong>quodsi</strong></span> <span class='ocrx_word' id='word_1_179' title='bbox 1221 3364 1310 3438; x_wconf 84' lang='lat' dir='ltr'><strong>haec</strong></span> 
     </span>
     <span class='ocr_line' id='line_1_25' title="bbox 174 3484 1309 3584; baseline 0.001 -27"><span class='ocrx_word' id='word_1_180' title='bbox 174 3484 294 3558; x_wconf 84' lang='lat' dir='ltr'><strong>uerba</strong></span> <span class='ocrx_word' id='word_1_181' title='bbox 321 3495 359 3559; x_wconf 86' lang='lat' dir='ltr'><strong>et</strong></span> <span class='ocrx_word' id='word_1_182' title='bbox 385 3509 480 3582; x_wconf 87' lang='lat' dir='ltr'><strong>qnae</strong></span> <span class='ocrx_word' id='word_1_183' title='bbox 507 3498 717 3583; x_wconf 80' lang='lat' dir='ltr'><strong>sequuntur</strong></span> <span class='ocrx_word' id='word_1_184' title='bbox 756 3487 894 3584; x_wconf 83' lang='lat' dir='ltr'><strong>(usque</strong></span> <span class='ocrx_word' id='word_1_185' title='bbox 922 3484 968 3558; x_wconf 89' lang='lat' dir='ltr'><strong>ad</strong></span> <span class='ocrx_word' id='word_1_186' title='bbox 1005 3512 1041 3584; x_wconf 84' lang='lat' dir='ltr'><strong>p.</strong></span> <span class='ocrx_word' id='word_1_187' title='bbox 1068 3488 1128 3576; x_wconf 88' lang='grc'><strong>31,</strong></span> <span class='ocrx_word' id='word_1_188' title='bbox 1153 3487 1194 3575; x_wconf 82' lang='grc'><strong>7)</strong></span> <span class='ocrx_word' id='word_1_189' title='bbox 1223 3509 1309 3558; x_wconf 89' lang='lat' dir='ltr'><strong>cum</strong></span> 
     </span>
     <span class='ocr_line' id='line_1_26' title="bbox 175 3603 1308 3704; baseline 0.002 -28"><span class='ocrx_word' id='word_1_190' title='bbox 175 3603 365 3679; x_wconf 86' lang='lat' dir='ltr'><strong>Lindnere</strong></span> <span class='ocrx_word' id='word_1_191' title='bbox 392 3607 689 3704; x_wconf 81' lang='lat' dir='ltr'><strong>transposueris,</strong></span> <span class='ocrx_word' id='word_1_192' title='bbox 717 3607 841 3680; x_wconf 87' lang='lat' dir='ltr'><strong>omnia</strong></span> <span class='ocrx_word' id='word_1_193' title='bbox 867 3607 1007 3704; x_wconf 83' lang='lat' dir='ltr'><strong>optime</strong></span> <span class='ocrx_word' id='word_1_194' title='bbox 1041 3607 1138 3679; x_wconf 82' lang='lat' dir='ltr'><strong>inter</strong></span> <span class='ocrx_word' id='word_1_195' title='bbox 1175 3630 1214 3679; x_wconf 84' lang='lat' dir='ltr'><strong>se</strong></span> <span class='ocrx_word' id='word_1_196' title='bbox 1251 3631 1308 3678; x_wconf 88' lang='lat' dir='ltr'><strong>co·</strong></span> 
     </span>
     <span class='ocr_line' id='line_1_27' title="bbox 175 3724 1306 3826; baseline 0 -28"><span class='ocrx_word' id='word_1_197' title='bbox 175 3725 329 3798; x_wconf 85' lang='lat' dir='ltr'><strong>haerent</strong></span> <span class='ocrx_word' id='word_1_198' title='bbox 355 3735 531 3824; x_wconf 86' lang='lat' dir='ltr'><strong>recteque</strong></span> <span class='ocrx_word' id='word_1_199' title='bbox 554 3726 784 3826; x_wconf 84' lang='lat' dir='ltr'><strong>precedunt:</strong></span> <span class='ocrx_word' id='word_1_200' title='bbox 811 3727 888 3800; x_wconf 84' lang='lat' dir='ltr'><strong>iam</strong></span> <span class='ocrx_word' id='word_1_201' title='bbox 924 3726 1025 3799; x_wconf 88' lang='lat' dir='ltr'><strong>enim</strong></span> <span class='ocrx_word' id='word_1_202' title='bbox 1053 3724 1212 3800; x_wconf 87' lang='lat' dir='ltr'><strong>deorum</strong></span> <span class='ocrx_word' id='word_1_203' title='bbox 1239 3727 1306 3798; x_wconf 92' lang='lat' dir='ltr'><strong>hu·</strong></span> 
     </span>
     <span class='ocr_line' id='line_1_28' title="bbox 174 3845 1305 3946; baseline 0.001 -29"><span class='ocrx_word' id='word_1_204' title='bbox 174 3847 335 3919; x_wconf 82' lang='lat' dir='ltr'><strong>manitas</strong></span> <span class='ocrx_word' id='word_1_205' title='bbox 359 3847 627 3946; x_wconf 87' lang='lat' dir='ltr'><strong>comprobatur</strong></span> <span class='ocrx_word' id='word_1_206' title='bbox 649 3847 815 3945; x_wconf 87' lang='lat' dir='ltr'><strong>primum</strong></span> <span class='ocrx_word' id='word_1_207' title='bbox 838 3855 886 3918; x_wconf 78' lang='lat' dir='ltr'><strong>e&#39;x</strong></span> <span class='ocrx_word' id='word_1_208' title='bbox 909 3845 1053 3944; x_wconf 83' lang='lat' dir='ltr'><strong>seriptis</strong></span> <span class='ocrx_word' id='word_1_209' title='bbox 1080 3847 1305 3944; x_wconf 81' lang='lat' dir='ltr'><strong>sapientium</strong></span> 
     </span>
     <span class='ocr_line' id='line_1_29' title="bbox 176 3965 1306 4066; baseline 0.001 -29"><span class='ocrx_word' id='word_1_210' title='bbox 176 3975 213 4037; x_wconf 86' lang='lat' dir='ltr'><strong>et</strong></span> <span class='ocrx_word' id='word_1_211' title='bbox 235 3966 500 4041; x_wconf 85' lang='lat' dir='ltr'><strong>historicorum</strong></span> <span class='ocrx_word' id='word_1_212' title='bbox 519 3968 570 4066; x_wconf 93' lang='lat' dir='ltr'><strong>(p.</strong></span> <span class='ocrx_word' id='word_1_213' title='bbox 589 3970 649 4056; x_wconf 91' lang='grc'><strong>29,</strong></span> <span class='ocrx_word' id='word_1_214' title='bbox 675 3971 804 4066; x_wconf 82' lang='lat' dir='ltr'><strong>9-p.</strong></span> <span class='ocrx_word' id='word_1_215' title='bbox 820 3969 882 4058; x_wconf 89' lang='lat'><strong>30,</strong></span> <span class='ocrx_word' id='word_1_216' title='bbox 908 3965 971 4066; x_wconf 89' lang='grc'><strong>16)</strong></span> <span class='ocrx_word' id='word_1_217' title='bbox 995 3975 1033 4040; x_wconf 88' lang='lat' dir='ltr'><strong>et</strong></span> <span class='ocrx_word' id='word_1_218' title='bbox 1056 3991 1104 4040; x_wconf 87' lang='lat' dir='ltr'><strong>ex</strong></span> <span class='ocrx_word' id='word_1_219' title='bbox 1126 3967 1306 4064; x_wconf 85' lang='lat' dir='ltr'><strong>ipsorum,</strong></span> 
     </span>
     <span class='ocr_line' id='line_1_30' title="bbox 177 4086 1305 4186; baseline 0.002 -28"><span class='ocrx_word' id='word_1_220' title='bbox 177 4087 240 4182; x_wconf 88' lang='lat' dir='ltr'><strong>qni</strong></span> <span class='ocrx_word' id='word_1_221' title='bbox 268 4086 320 4160; x_wconf 85' lang='lat' dir='ltr'><strong>dii</strong></span> <span class='ocrx_word' id='word_1_222' title='bbox 360 4097 544 4186; x_wconf 88' lang='lat' dir='ltr'><strong>putantur</strong></span> <span class='ocrx_word' id='word_1_223' title='bbox 582 4088 780 4176; x_wconf 82' lang='lat' dir='ltr'><strong>natiuitate</strong></span> <span class='ocrx_word' id='word_1_224' title='bbox 820 4087 870 4185; x_wconf 88' lang='lat' dir='ltr'><strong>(p.</strong></span> <span class='ocrx_word' id='word_1_225' title='bbox 897 4089 956 4178; x_wconf 85' lang='lat'><strong>30,</strong></span> <span class='ocrx_word' id='word_1_226' title='bbox 984 4090 1144 4184; x_wconf 79' lang='lat' dir='ltr'><strong>li-p.</strong></span> <span class='ocrx_word' id='word_1_227' title='bbox 1169 4087 1230 4178; x_wconf 91' lang='grc'><strong>31,</strong></span> <span class='ocrx_word' id='word_1_228' title='bbox 1256 4087 1305 4186; x_wconf 81' lang='grc'><strong>7),</strong></span> 
     </span>
     <span class='ocr_line' id='line_1_31' title="bbox 176 4203 1305 4306; baseline 0.002 -28"><span class='ocrx_word' id='word_1_229' title='bbox 176 4203 308 4280; x_wconf 83' lang='lat' dir='ltr'><strong>deinde</strong></span> <span class='ocrx_word' id='word_1_230' title='bbox 335 4232 383 4280; x_wconf 87' lang='lat' dir='ltr'><strong>ex</strong></span> <span class='ocrx_word' id='word_1_231' title='bbox 409 4208 540 4287; x_wconf 82' lang='lat' dir='ltr'><strong>mortis</strong></span> <span class='ocrx_word' id='word_1_232' title='bbox 567 4207 728 4299; x_wconf 77' lang='lat' dir='ltr'><strong>indiciis,</strong></span> <span class='ocrx_word' id='word_1_233' title='bbox 766 4233 861 4306; x_wconf 84' lang='lat' dir='ltr'><strong>quae</strong></span> <span class='ocrx_word' id='word_1_234' title='bbox 897 4209 1011 4282; x_wconf 83' lang='lat' dir='ltr'><strong>sacris</strong></span> <span class='ocrx_word' id='word_1_235' title='bbox 1047 4208 1136 4305; x_wconf 85' lang='lat' dir='ltr'><strong>ipsis</strong></span> <span class='ocrx_word' id='word_1_236' title='bbox 1163 4217 1200 4279; x_wconf 86' lang='lat' dir='ltr'><strong>et</strong></span> <span class='ocrx_word' id='word_1_237' title='bbox 1226 4231 1305 4306; x_wconf 90' lang='lat' dir='ltr'><strong>my-</strong></span> 
     </span>
     <span class='ocr_line' id='line_1_32' title="bbox 122 4328 1305 4428; baseline 0.001 -28"><span class='ocrx_word' id='word_1_238' title='bbox 122 4367 125 4374; x_wconf 91' lang='lat'>·</span> <span class='ocrx_word' id='word_1_239' title='bbox 174 4328 296 4401; x_wconf 86' lang='lat' dir='ltr'><strong>steriis</strong></span> <span class='ocrx_word' id='word_1_240' title='bbox 327 4329 539 4427; x_wconf 83' lang='lat' dir='ltr'><strong>prodantur</strong></span> <span class='ocrx_word' id='word_1_241' title='bbox 573 4329 624 4428; x_wconf 91' lang='lat' dir='ltr'><strong>(p.</strong></span> <span class='ocrx_word' id='word_1_242' title='bbox 650 4334 710 4420; x_wconf 82' lang='lat'><strong>31,</strong></span> <span class='ocrx_word' id='word_1_243' title='bbox 739 4331 785 4402; x_wconf 90' lang='grc'><strong>10</strong></span> <span class='ocrx_word' id='word_1_244' title='bbox 809 4329 927 4428; x_wconf 85' lang='lat' dir='ltr'><strong>sqq.)‚</strong></span> <span class='ocrx_word' id='word_1_245' title='bbox 967 4339 1049 4401; x_wconf 87' lang='lat' dir='ltr'><strong>tum</strong></span> <span class='ocrx_word' id='word_1_246' title='bbox 1088 4354 1136 4401; x_wconf 86' lang='lat' dir='ltr'><strong>ex</strong></span> <span class='ocrx_word' id='word_1_247' title='bbox 1162 4329 1305 4402; x_wconf 86' lang='lat' dir='ltr'><strong>formae</strong></span> 
     </span>
    </p>
   </div>
   <div class='ocr_carea' id='block_1_3' title="bbox 176 4448 1307 4632">
    <p class='ocr_par' dir='ltr' id='par_1_3' title="bbox 176 4448 1307 4632">
     <span class='ocr_line' id='line_1_33' title="bbox 176 4448 1307 4549; baseline 0 -27"><span class='ocrx_word' id='word_1_248' title='bbox 176 4461 213 4522; x_wconf 86' lang='lat' dir='ltr'><strong>et</strong></span> <span class='ocrx_word' id='word_1_249' title='bbox 235 4448 384 4524; x_wconf 82' lang='lat' dir='ltr'><strong>habitus</strong></span> <span class='ocrx_word' id='word_1_250' title='bbox 408 4448 590 4525; x_wconf 87' lang='lat' dir='ltr'><strong>dedecore</strong></span> <span class='ocrx_word' id='word_1_251' title='bbox 613 4451 663 4549; x_wconf 89' lang='lat' dir='ltr'><strong>(p.</strong></span> <span class='ocrx_word' id='word_1_252' title='bbox 684 4453 744 4542; x_wconf 77' lang='lat'><strong>32,</strong></span> <span class='ocrx_word' id='word_1_253' title='bbox 770 4455 790 4524; x_wconf 87' lang='lat'>5</span> <span class='ocrx_word' id='word_1_254' title='bbox 815 4451 929 4548; x_wconf 62' lang='lat' dir='ltr'><strong>sqq),</strong></span> <span class='ocrx_word' id='word_1_255' title='bbox 955 4448 1114 4547; x_wconf 88' lang='lat' dir='ltr'><strong>denique</strong></span> <span class='ocrx_word' id='word_1_256' title='bbox 1138 4473 1185 4522; x_wconf 87' lang='lat' dir='ltr'><strong>ex</strong></span> <span class='ocrx_word' id='word_1_257' title='bbox 1208 4474 1307 4522; x_wconf 88' lang='lat' dir='ltr'><strong>com-</strong></span> 
     </span>
     <span class='ocr_line' id='line_1_34' title="bbox 1061 4567 1106 4632; baseline 0 -26"><span class='ocrx_word' id='word_1_258' title='bbox 1061 4567 1106 4632; x_wconf 72' lang='lat' dir='ltr'><strong>b*</strong></span> 
     </span>
    </p>
   </div>
   <div class='ocr_carea' id='block_1_4' title="bbox 0 0 1654 5142">
    <p class='ocr_par' dir='ltr' id='par_1_4' title="bbox 0 0 1654 5142">
     <span class='ocr_line' id='line_1_35' title="bbox 0 0 1654 5142; baseline 0 2"><span class='ocrx_word' id='word_1_259' title='bbox 0 0 1654 5142; x_wconf 95' lang='lat' dir='ltr'><strong> </strong></span> 
     </span>
    </p>
   </div>
  </div>
 </body>
</html>
