3300 5142
663 554 769 625 Epist.
787 554 824 608 Π.
1250 551 1316 616 235
1363 600 1367 610 .

189 709 257 782 qnid
272 711 398 784 proderit
417 712 459 771 eis
481 715 622 787 spreuisse
638 717 713 789 qnod
733 715 817 774 licuit
831 717 861 772 ot
875 729 1002 773 exercere
1017 712 1091 786 quod
1105 727 1162 769 non
1176 705 1265 767 licet?
1288 707 1314 766 si

189 811 235 871 uis
249 815 381 886 prodesse
395 815 467 887 tibi,
490 819 565 890 qnod
580 818 662 877 licita
676 816 888 890 contempsisti,
911 817 977 875 uide
997 813 1115 888 nequid
1130 827 1225 871 eornm
1240 825 1313 884 quae

189 932 245 973 uon
259 915 347 975 licent
360 917 459 977 facias.
482 919 605 978 stultum
619 921 695 979 enim
709 923 755 978 est
776 919 908 979 timuisse
924 920 998 993 quod
1019 916 1114 976 minus
1127 917 1191 986 est,
1214 925 1243 972 ot
1257 926 1314 970 non

189 1019 289 1079 timore
303 1022 377 1093 quod
392 1020 485 1080 maius
499 1024 544 1080 est
559 1019 624 1101 [aut
638 1023 675 1081 ab
693 1023 732 1081 iis
751 1040 808 1082 non
828 1023 916 1081 uitari
931 1037 1004 1096 quae
1018 1017 1218 1094 prohibentur,
1234 1031 1314 1088 spro-

168 1121 266 1182 snisso
291 1139 357 1182 uero
382 1140 415 1183 ea
440 1141 513 1198 quae
538 1123 753 1204 conceduntur]¹
788 1125 859 1184 dicit
874 1124 949 1184 euim
962 1123 1133 1197 Apostolus:
1156 1121 1316 1192 innupta

190 1225 330 1298 cogitat
351 1243 439 1300 quae
461 1227 603 1287 Domini
624 1231 725 1299 sunt,
748 1228 920 1302 quomodo
935 1225 1181 1301 placeatDeo‚
1205 1224 1243 1282 ut
1265 1222 1315 1280 sit

190 1331 318 1387 saneta
339 1331 376 1388 et
397 1346 547 1403 corpore
568 1333 603 1390 et
625 1331 782 1404 spiritu:
816 1346 909 1404 quae
937 1330 1057 1388 autem
1090 1329 1208 1401 nupta
1240 1327 1315 1395 est,

190 1432 333 1506 cogitat
355 1449 446 1506 quae
468 1437 552 1492 sunt
574 1435 684 1493 huius
705 1434 841 1506 mundi,
865 1434 1039 1508 quomodo
1060 1433 1205 1506 placeat
1226 1429 1312 1488 uiro.

190 1537 308 1607 nuptam
327 1535 389 1594 uiro
409 1535 520 1608 placere
534 1537 654 1609 adserit,
684 1537 835 1612 cogitando
855 1552 928 1610 quae
942 1535 1041 1594 mundi
1056 1535 1138 1607 sunt,
1165 1534 1315 1606 innuptam

154 1645 182 1685 ¹⁰
190 1653 256 1695 uero
271 1637 344 1709 Deo,
366 1653 399 1696 eo
423 1639 499 1713 quod
519 1640 601 1698 nulla
615 1657 683 1698 cura
698 1640 744 1698 illi
759 1640 799 1698 sit
814 1639 930 1698 saeculi.
954 1639 1030 1698 dicat
1050 1653 1115 1711 ergo
1129 1636 1218 1708 mihi,
1242 1649 1314 1709 quae

190 1740 284 1798 uirum
299 1757 355 1798 non
370 1740 456 1799 habet
470 1744 499 1799 ot
513 1744 609 1800 tamen
624 1759 697 1816 quae
711 1741 810 1802 mundi
824 1743 894 1800 sunt
909 1741 1033 1815 cogitat,
1056 1741 1101 1798 oui
1112 1740 1223 1813 placem
1238 1737 1315 1797 desi-

190 1840 293 1901 derat?
314 1859 405 1902 nonne
426 1844 544 1917 incipiet
564 1845 610 1903 iili
632 1847 729 1919 nupta·
743 1840 906 1919 praeponi?
928 1844 997 1918 quia
1010 1843 1063 1902 illa
1078 1843 1227 1916 cogitando
1242 1857 1315 1914 quae

190 1945 289 2004 mundi
303 1948 370 2004 sunt
385 1947 540 2020 complacet
554 1948 601 2006 uel
616 1948 735 2019 marito,
759 1948 817 2006 ista
842 1963 909 2007 uero
935 1963 987 2005 neo
1012 1946 1131 2018 marito,
1154 1960 1237 2019 quom
1257 1960 1314 2003 non

190 2048 291 2119 habet,
314 2051 407 2121 potest
430 2050 541 2122 placere
565 2065 617 2109 noo
641 2051 709 2108 Deo.
733 2051 782 2109 sod
801 2066 854 2108 neo
873 2050 947 2108 illud
968 2049 1082 2108 silentio
1095 2047 1248 2122 praeterire
1262 2063 1314 2105 nos

154 2151 338 2221 nsoonuenit,
372 2153 446 2225 quod
471 2152 558 2211 dixit:
593 2152 751 2226 innupta
772 2153 918 2226 cogitat
940 2167 1028 2226 quae
1049 2150 1189 2210 Domini
1211 2152 1312 2219 sunt,

190 2255 360 2327 quomodo
381 2254 528 2327 placeat
549 2255 639 2328 Deo,
661 2258 700 2314 ut
722 2255 771 2314 sit
792 2256 920 2314 sancta
948 2255 983 2313 ot
1004 2269 1153 2327 corpore
1183 2255 1219 2311 et
1246 2253 1316 2324 spi·

190 2356 275 2414 ritu.
299 2353 387 2434 [qnae
401 2355 514 2417 Domini
539 2361 621 2430 sunt,
644 2359 756 2432 inquit,
783 2357 905 2432 cogitat3
938 2373 994 2416 non
1021 2373 1093 2431 quae
1117 2355 1238 2426 saeculi,
1260 2371 1316 2414 nou

190 2475 262 2533 quae
287 2460 447 2533 hominum,
478 2461 526 2520 sed
552 2477 624 2535 quae
655 2462 707 2520 Dei
728 2463 797 2520 sunt
821 2458 955 2539 cogitat]
977 2475 1049 2534 quae
1075 2460 1142 2518 suut
1167 2473 1232 2533 ergo
1258 2458 1316 2516 Do-

191 2559 289 2621 mini?
321 2563 397 2621 dieat
426 2563 599 2637 Apostolus:
634 2580 888 2638 quaecumque
921 2565 1012 2622 sunt
1045 2562 1184 2634 sancta,
1208 2577 1316 2635 quae-

155 2681 346 2739 aocnmque
378 2665 504 2738 iusta,
543 2683 791 2741 quascumque
831 2666 1033 2740 amabilia,
1074 2679 1316 2738 quaecumque

191 2767 304 2826 bonae
337 2768 467 2841 famae,
501 2770 534 2828 si
556 2786 625 2845 qua
645 2769 781 2842 uirtus,
805 2769 837 2828 si
859 2785 927 2843 qua
955 2768 1038 2828 laus
1069 2767 1315 2840 discipliuae.

294 2967 312 3025 5
331 2967 345 3020 Ι
362 2967 419 3023 Cor.
439 2968 465 3031 7,
479 2968 525 3024 34.
580 2969 616 3026 19
634 2968 705 3023 Ρ1111
725 2969 752 3033 4,
771 2967 797 3024 8.

192 3137 294 3191 adsolet
305 3137 412 3192 inlicita
423 3139 493 3194 AR:
515 3139 539 3192 si
553 3139 644 3208 eliqua
655 3155 723 3207 qnae
735 3143 767 3193 nt
777 3137 895 3202 adsolet,
908 3137 1007 3190 illicita
1016 3139 1079 3190 sunt
1087 3137 1129 3202 H,
1143 3139 1171 3190 et
1182 3137 1237 3190 alia
1249 3152 1317 3205 quae

192 3223 310 3276 assolent
321 3223 427 3277 inlicita
442 3224 478 3288 V,
499 3227 527 3277 et
538 3224 593 3279 alia
604 3241 672 3293 quae
682 3223 741 3279 fleri
753 3223 841 3278 solent
852 3221 956 3276 inlicite
972 3222 995 3278 0

244 3308 263 3364 2
280 3309 357 3362 licita
372 3308 460 3364 GRV:
478 3309 554 3363 licite
566 3311 605 3374 A,
618 3310 724 3364 licitum
736 3309 769 3363 H
812 3309 886 3366 3est
899 3308 971 3362 euim
988 3308 1012 3363 0
1055 3308 1075 3364 4
1088 3311 1135 3362 aut
1147 3307 1316 3362 ab—oonoe-

191 3392 302 3456 duntur,
326 3411 397 3463 paee
408 3393 508 3449 decom
518 3396 551 3449 in
562 3397 603 3463 A,
621 3401 653 3449 at
664 3397 794 3465 ptosoemo
805 3394 983 3461 eunomianum
1010 3409 1076 3448 eom
1088 3394 1139 3448 ute
1151 3394 1317 3449 emonam

191 3484 231 3532 est
249 3480 378 3547 epistotae
397 3487 548 3544 auctorest,
571 3482 694 3550 quiqam
713 3481 784 3550 fuit,
807 3481 880 3534 oliae
900 3481 998 3548 optime
1017 3481 1178 3535 scatentem
1197 3483 1241 3536 tic
1260 3486 1317 3534 ταοι

175 3581 178 3584 ·
190 3564 309 3618 tartare
318 3566 436 3620 tonatim
446 3582 501 3620 ease
516 3569 529 3634 11
545 3567 579 3620 ab
591 3566 635 3619 hia
645 3566 733 3620 notari
742 3566 768 3620 V
780 3567 793 3633 11
809 3565 983 3636 prohibentur
994 3566 1125 3634 spreuisse
1136 3583 1198 3621 uero
1210 3584 1241 3622 ea
1250 3583 1317 3638 qnae

196 3651 230 3704 V:
246 3651 498 3720 prohibenturquae
511 3650 900 3720 (sifflsnbteriugerintqnae
915 3650 964 3706 CR
1016 3651 1141 3708 6Dei0
1190 3654 1316 3709 ‘ietoor-

189 3753 252 3807 poro
273 3737 309 3792 V:
326 3753 432 3806 corpore
449 3737 540 3801 AGR,
558 3741 591 3790 at
602 3741 642 3790 est
653 3737 685 3790 in
700 3737 835 3806 Vatpata,
863 3743 893 3791 at
909 3743 1000 3791 testato
1017 3753 1132 3807 praeces
1143 3740 1238 3793 hebd:
1269 3744 1316 3792 καὶ

190 3819 299 3892 σώματι
309 3825 355 3876 καὶ
361 3818 500 3893 πνεύματι
510 3824 522 3889 lt
534 3838 600 3890 qnae
611 3824 866 3891 antemnupta—-
874 3824 901 3876 et
911 3837 1016 3892 corpore
1028 3826 1055 3878 et
1061 3823 1159 3893 spiritu
1165 3825 1203 3892 (ιο.
1212 3825 1320 3892 nuta?

190 3909 268 3976 (item
278 3923 313 3963 ee
320 3914 404 3976 parte
415 3908 469 3975 A):
482 3923 531 3962 om.
547 3909 583 3973 0,·
595 3909 661 3962 hoec
672 3908 770 3976 spurio
782 3922 837 3961 eoae
849 3913 938 3962 censet
949 3910 974 3962 io
985 3909 1034 3978 qui
1045 3910 1158 3963 curauit
1170 3909 1316 3965 editionem

190 3993 466 4061 Panto'enaemopod
477 3993 577 4062 Mipne
627 3992 798 4048 annosum.
817 3993 845 4045 A
897 3993 1183 4062 9nuptamucrouiro
1199 3993 1234 4059 V,
1248 4011 1314 4066 nup-

190 4079 331 4132 tam—sit
344 4079 443 4132 saeculi
454 4095 503 4133 orn.
517 4079 544 4131 A
566 4080 578 4146 ΙΙ
601 4079 703 4147 placere
716 4078 774 4131 uiro
786 4079 821 4132 H
889 4078 927 4135 10
944 4078 987 4132 iili
999 4095 1061 4132 cura
1082 4079 1118 4144 V,
1145 4095 1208 4134 cura
1220 4080 1268 4135 iila
1286 4082 1315 4137 R

246 4165 280 4220 11
300 4168 390 4218 tamen
415 4181 447 4218 eo
472 4179 540 4233 quae
562 4164 588 4218 V
675 4163 712 4220 12
729 4163 844 4232 incipiat
866 4167 893 4217 A
925 4166 937 4232 ΙΙ
972 4165 1035 4233 quia
1053 4165 1181 4221 illoAR:
1201 4181 1267 4236 qnae
1293 4167 1319 4222 V

245 4249 281 4308 15
299 4249 398 4304 dixerit
409 4251 436 4304 A
459 4251 471 4317 11
493 4250 544 4303 Dei
556 4251 583 4303 A
654 4249 691 4305 16
709 4252 803 4302 sancta
814 4263 920 4318 corpore
944 4250 999 4306 AR
1068 4251 1104 4307 17
1124 4251 1195 4318 Quae
1207 4253 1314 4307 Domini

190 4337 253 4388 snut
271 4365 341 4374 —-
358 4350 425 4405 quac
446 4335 497 4389 Dei
510 4338 573 4389 sunt
584 4335 746 4404 cogitatum.
760 4334 814 4389 AR
837 4335 849 4403 ΙΙ
872 4335 979 4388 Domini
995 4335 1030 4389 V:
1049 4336 1099 4390 Dei
1116 4336 1139 4391 0
1195 4338 1230 4396 19
1242 4338 1318 4392 dicat

189 4419 288 4475 ARV:
318 4420 385 4475 dicit
408 4421 431 4475 O
460 4423 472 4488 ΙΙ
502 4423 566 4475 sunt
585 4421 653 4476 Aa:
679 4435 728 4474 ota.
748 4419 799 4474 GV
834 4421 846 4486 ΙΙ
883 4435 1062 4489 quaecumque
1095 4425 1158 4476 snut
1180 4423 1253 4477 iusta
1276 4424 1312 4487 A,

188 4507 278 4560 om.O
