3300 5142
346 533 387 596 10
763 531 909 586 Minucii
927 532 1055 586 Felicis

343 684 448 752 adhuc
461 685 628 752 ferociente
639 687 771 753 uicmria
780 688 910 754 numina
924 690 1010 755 uicta
1024 691 1225 768 uenerantur,
1247 691 1322 755 dum
1340 689 1477 770 undique

346 787 482 870 hospites
497 790 569 855 deos
583 793 738 872 quaerunt
748 793 781 856 et
800 809 873 855 suos
888 789 1020 870 faciunt,
1042 793 1118 857 dum
1133 812 1202 858 aras
1217 795 1363 858 exhuunt
1377 791 1476 856 inter·

314 892 418 958 adum
434 895 533 958 etiam
547 893 664 977 ignotis
679 895 859 959 numinibus
874 897 906 960 et
920 895 1074 960 manibus.
1107 897 1152 961 sic
1172 897 1247 962 dum
1262 896 1477 960 uniuersarum

344 995 486 1080 gentium
506 1014 594 1062 sacra
614 997 803 1080 suscipiunt,
824 997 922 1063 etiam
944 1017 1040 1083 regna
1058 1002 1245 1065 meruerunt.
1275 999 1348 1064 hine
1367 1015 1475 1080 perpe-

343 1101 417 1163 tuus
432 1099 636 1165 uenerationis
650 1101 737 1165 tenor
751 1101 885 1180 mansit,
901 1121 979 1184 quae
991 1102 1083 1186 longa
1097 1105 1199 1168 aetate
1210 1121 1269 1168 nou
1281 1102 1474 1185 infringitur,
1490 1121 1505 1160 ι
1619 1111 1620 1136 ¹

343 1202 397 1268 sed
417 1205 564 1286 augetur:
587 1203 700 1286 quippe
722 1204 892 1286 antiquitas
916 1205 1108 1270 caerimoniis
1136 1209 1229 1288 atque
1251 1206 1332 1272 fanis
1351 1205 1474 1268 tantum

342 1304 516 1369 sanctitatis
530 1305 667 1371 tribuere
681 1307 841 1371 consueuit
855 1309 1005 1389 quantum
1021 1309 1210 1374 adstruxerit
1224 1309 1403 1374 uetustatis.

313 1412 332 1474 7
384 1407 450 1471 Nea
468 1409 574 1473 umen
595 1409 711 1473 nmero
732 1409 846 1493 (ausim
867 1412 950 1475 enim
970 1411 1095 1476 interim
1118 1415 1150 1476 eh
1175 1412 1240 1494 ipse
1260 1411 1422 1478 concedere
1443 1411 1475 1473 et

343 1510 389 1576 sie
409 1510 522 1575 melius
541 1511 654 1596 errare)
685 1513 816 1577 maiores
837 1513 935 1578 nostri
955 1517 1011 1578 aut
1031 1515 1230 1580 ebsemandis
1253 1514 1392 1598 auguriis
1418 1514 1474 1577 aut

343 1613 422 1678 extis
437 1614 633 1679 consulendis
647 1617 704 1680 aut
723 1615 924 1680 instituendis
945 1617 1040 1682 sacris
1071 1619 1127 1682 aut
1141 1618 1278 1683 delubris
1299 1615 1475 1682 dedicandis
1484 1637 1512 1676 ra

314 1726 467 1802 aoperam
482 1721 683 1784 nauauerunt.
707 1721 813 1803 specta
826 1721 865 1785 de
879 1721 969 1786 libris
984 1722 1182 1794 memoriam:
1211 1722 1275 1786 iam
1297 1738 1347 1786 eos
1368 1719 1475 1800 depre-

342 1823 457 1888 hendes
471 1822 614 1888 initiasse
628 1823 707 1888 ritus
722 1823 861 1888 omnium
882 1823 1083 1908 rehgionum,
1105 1825 1157 1888 uel
1177 1825 1213 1889 ut
1227 1823 1475 1890 remuneraretur

342 1926 450 1990 diuina
463 1925 669 2010 indulgentia,
686 1925 738 1990 uel
758 1928 796 1990 ut
810 1929 1003 1992 auerteretur
1018 1927 1185 1992 imminens
1206 1927 1253 1992 ira
1273 1927 1328 1991 aut
1348 1926 1411 1990 iam
1425 1924 1474 1987 tu·

314 2036 430 2094 amens
451 2030 483 2093 et
503 2029 641 2094 saeuiens
667 2029 847 2110 placaretur.
877 2030 968 2094 testis
988 2032 1091 2094 mater
1117 2029 1225 2106 Idaea,
1246 2048 1324 2111 quae
1339 2029 1473 2092 aduentu
1619 2115 1620 2122 ἵ

343 2151 398 2197 suo
413 2134 446 2197 et
459 2133 604 2216 probauit
624 2134 782 2198 mamonae
802 2109 980 2198 nitiatm
1003 2135 1034 2196 et
1048 2133 1158 2198 urbem
1172 2133 1258 2198 metu
1273 2131 1380 2198 hostili
1396 2129 1473 2195 lihe-
1486 2147 1511 2187 ιε

343 2235 445 2300 rauit:
474 2237 570 2300 testes
591 2236 781 2317 equestrium
804 2233 938 2300 fratrum
959 2238 991 2301 in
1006 2236 1092 2314 lucu,
1117 2237 1198 2302 sicut
1218 2255 1250 2300 sa
1269 2234 1474 2309 ostenderunt,
1619 2223 1620 2238 ¹

343 2340 464 2404 statuae
484 2340 693 2416 consecratae,
717 2339 772 2421 qui
786 2339 890 2404 anheli
905 2340 1123 2423 spumantibus
1140 2339 1226 2422 equis
1243 2341 1337 2422 atque
1352 2339 1474 2402 suman

341 2442 428 2506 tibus
443 2443 481 2506 de
495 2443 588 2507 Perse
602 2442 767 2506 uictoriam
791 2443 898 2507 eadem
923 2442 972 2507 die
998 2461 1058 2524 qua
1081 2441 1217 2508 fecerant
1234 2439 1471 2506 nuntiauerunt:

341 2546 432 2610 testis
452 2545 596 2610 ludorum
623 2545 730 2610 offensi
752 2545 838 2611 Iouis
862 2547 900 2612 de
923 2547 1043 2612 somnio
1064 2547 1164 2631 plebei
1184 2546 1318 2612 hominis
1332 2543 1471 2617 iteratim

343 2649 375 2712 et
388 2647 555 2713 Deciomm
578 2650 702 2714 deuotio
722 2652 792 2715 rata
814 2651 905 2716 testis
928 2653 993 2750 est:
1008 2652 1099 2716 testis
1115 2653 1147 2716 et
1161 2650 1296 2728 curtim,
1317 2649 1370 2732 qui
1387 2647 1471 2730 equi-

377 2869 542 2926 2iuterdum
554 2871 638 2924 etiam
649 2871 809 2926 Herbidus:
828 2871 891 2926 dum
905 2872 986 2925 etiam
1000 2873 1040 2936 P,
1059 2873 1171 2926 etiamr
1212 2873 1268 2928 3et
1277 2870 1402 2924 inanibus
1414 2869 1471 2923 Hc·

342 2955 456 3023 ruiana·
464 2957 636 3024 probaba'le'us
644 2957 764 3012 Vsenero
773 2961 801 3011 et
810 2957 934 3012 manibus
947 2960 1077 3028 ptossenaa
1088 2959 1203 3012 ametur
1246 2958 1265 3012 4
1275 2959 1430 3011 meruerunt
1441 2972 1471 3008 r:

340 3044 448 3095 morunt
460 3041 495 3107 P,
514 3043 770 3108 merentDunabias,
788 3044 908 3098 inierunt
925 3045 1068 3098 Meursins
1087 3047 1099 3112 ΙΙ
1119 3045 1191 3098 hier
1240 3046 1339 3112 bquae
1355 3042 1472 3097 Vseaer:

342 3127 438 3196 quiPr
473 3127 655 3198 dantiquitus
666 3130 769 3183 Vsener
785 3132 797 3198 ΙΙ
813 3130 965 3184 cerimoniis
977 3131 1020 3184 Pr
1073 3129 1471 3186 rausumsericPeorr.1m.

342 3213 564 3278 exaestuarent,
583 3214 753 3269 abstraxerat
764 3232 792 3279 r,
811 3215 981 3269 adstruxerat
998 3216 1144 3284 Gelonium
1162 3217 1220 3285 ipse
1232 3216 1325 3270 andins
1338 3214 1471 3268 adstruxit

342 3298 361 3354 8
374 3299 402 3352 id
414 3299 472 3367 ipse
484 3300 578 3354 Vonct
591 3301 678 3355 Lecta
692 3302 739 3355 lat.
749 3318 778 3370 p.
790 3305 827 3356 53
843 3305 855 3371 Η
872 3301 1010 3356 concedere
1022 3318 1079 3356 esse
1091 3302 1188 3356 molius
1198 3302 1317 3356 Vrsinus
1357 3301 1375 3358 9
1387 3299 1471 3354 nostri

341 3385 374 3437 ut
385 3383 558 3438 obseruandis
568 3386 611 3440 Pr
664 3388 700 3442 11
713 3387 745 3440 de
755 3386 834 3440 libris
844 3387 900 3441 Pr:
913 3387 1044 3442 librorum
1054 3387 1080 3441 J.
1092 3387 1142 3442 Fr.
1159 3387 1320 3442 Groraoains
1329 3387 1379 3455 (nd
1387 3385 1472 3440 Statii

344 3468 414 3523 Stin.
428 3471 477 3537 56)
483 3490 493 3538 ;
510 3471 674 3539 Wopkensio
685 3479 736 3527 cat
747 3473 780 3526 de
791 3473 835 3526 his
848 3473 927 3527 rebus
940 3473 1134 3542 corripendum
1146 3480 1197 3528 aut
1208 3473 1240 3527 de
1252 3473 1332 3527 libris
1345 3479 1377 3527 at
1388 3471 1469 3526 datto·

342 3556 463 3625 prophta
485 3571 519 3610 ea
539 3557 721 3625 praecedente
742 3558 862 3613 delubris
885 3559 1032 3614 detendnm
1051 3560 1201 3615 uidebatur
1228 3561 1240 3627 ΙΙ
1269 3560 1422 3613 memoriam
1440 3574 1469 3612 r:

344 3641 473 3695 memoria
485 3641 523 3705 P,
542 3643 684 3697 memorias
704 3644 846 3712 Ripattiua
901 3646 937 3702 13
956 3647 1070 3701 sutiam
1083 3647 1111 3700 P
1131 3646 1208 3714 (add.
1226 3649 1258 3699 ut
1276 3663 1295 3700 s.
1310 3647 1355 3715 l.):
1372 3648 1419 3699 aut
1438 3645 1470 3697 ut

342 3727 397 3782 iam
410 3744 425 3780 r
438 3733 464 3781 et
477 3728 537 3781 edd.
587 3728 625 3784 14
642 3729 723 3782 ldaea
739 3730 872 3785 Vrsinus:
893 3731 955 3784 edes
967 3732 1095 3801 (accides)
1108 3733 1147 3796 P,
1161 3732 1238 3786 dear
1285 3731 1323 3788 16
1336 3733 1469 3800 equestres

343 3815 496 3868 Hcanaann
511 3815 524 3881 ΙΙ
540 3814 569 3867 in
580 3813 641 3868 lacu
653 3814 703 3868 det.
718 3815 796 3884 Gusp.
808 3817 899 3871 Barth
921 3817 1051 3885 (Adsere.
1063 3821 1109 3886 43,
1121 3820 1172 3886 25)
1188 3819 1200 3885 ΙΙ
1217 3817 1288 3871 sicut
1300 3833 1327 3870 se
1337 3818 1467 3871 Vrsinus:

342 3899 388 3954 sia*
399 3901 433 3963 P,
445 3899 493 3954 sed
505 3915 519 3953 c
530 3901 563 3953 in
574 3915 642 3963 rue,
656 3915 684 3953 se
695 3903 727 3954 ut
740 3901 874 3968 Saheffer,
894 3903 1004 3956 sesicut
1020 3903 1117 3958 Ochier
1165 3903 1201 3959 17
1215 3903 1306 3957 anheli
1324 3903 1467 3957 Geleniru:

342 3985 446 4039 anhelis
458 3986 501 4040 Pr
505 4006 516 4053 ;
534 3986 570 4052 cs.
583 3986 689 4040 Florus
701 3987 726 4055 Ι,
739 3990 779 4042 28
791 3989 845 4056 (II,
859 3990 906 4056 12)
924 3989 940 4055 ἕ
953 3993 999 4043 15:
1026 3989 1163 4044 Castorem
1185 3991 1213 4043 et
1232 3989 1370 4043 Pollucem
1389 3988 1468 4042 mirre

342 4069 473 4124 creditum
494 4071 607 4140 uolgo..
637 4087 653 4125 a
670 4072 827 4127 Macedonia
847 4075 964 4138 uenhse,
996 4075 1066 4143 quod
1093 4075 1178 4128 adhue
1205 4075 1364 4130 anhelarunt
1384 4081 1430 4130 ete.

345 4155 382 4211 18
399 4171 492 4224 persae
504 4156 532 4210 P
553 4159 565 4223 ΙΙ
588 4171 642 4226 qus
653 4158 776 4212 uicerant
787 4159 943 4224 Menrsins,
962 4165 1032 4214 ata.
1049 4161 1187 4228 Wopkens
1207 4161 1239 4214 in
1260 4161 1341 4215 Mosa.
1363 4161 1421 4215 Obs.
1440 4159 1469 4212 X

337 4245 416 4310 1219
432 4243 445 4308 {l
460 4241 656 4296 nunciauerunt
668 4244 725 4298 P¹r
777 4243 814 4300 19
833 4244 925 4298 offensi
938 4245 1011 4299 louis
1023 4245 1181 4315 Riualitas:
1200 4245 1308 4300 offensio
1332 4247 1402 4300 iouis
1419 4245 1467 4311 Pr,

342 4326 441 4380 offenso
458 4327 522 4380 lona
544 4329 676 4384 Gelenius
698 4331 710 4397 ΙΙ
733 4329 835 4383 somnio
856 4331 1002 4386 Gelenius:
1027 4347 1117 4386 somno
1134 4333 1174 4385 Pr
1200 4333 1212 4399 ΙΙ
1234 4331 1322 4400 plebei
1334 4333 1390 4387 Pr:
1415 4331 1469 4400 ple-

341 4412 398 4467 beii
422 4413 508 4482 calpa
531 4415 543 4481 ΙΙ
566 4414 665 4468 iterato
689 4431 705 4468 r
756 4415 794 4470 20
810 4414 952 4470 Deciorum
976 4433 1007 4470 r:
1032 4416 1197 4472 decuriorum
1220 4419 1262 4486 P,-
1285 4418 1363 4472 nobis
1386 4423 1469 4472 tattone

342 4501 428 4562 colon,
448 4514 501 4566 qno
513 4515 595 4569 aspre
607 4501 780 4569 repetitionis
790 4502 885 4570 fipura
905 4502 1134 4571 interrumpitur.
1162 4509 1194 4557 ut
1214 4503 1346 4572 ptossnna
1362 4519 1468 4572 suspec-

341 4591 400 4638 tum
420 4591 458 4639 est
480 4587 492 4654 ll
516 4585 578 4654 equi
600 4587 752 4655 Woucerns‚
771 4587 833 4655 curui
854 4590 882 4642 ot
901 4588 942 4641 sui
956 4590 1086 4643 Bursian
1097 4589 1156 4658 (qni
1168 4604 1247 4657 eques
1260 4587 1303 4642 sui
1315 4588 1379 4642 olim
1392 4587 1469 4642 deuo·
