3300 5142
617 531 729 586 Chron.
749 531 771 596 1,
789 528 910 590 45-47.
1272 533 1316 598 49

197 689 342 754 eccidisse
363 689 510 768 traditur,
539 687 690 771 siquidem
711 686 927 750 idumaeorum
946 685 1022 750 fines
1042 686 1140 750 uictor
1159 686 1327 769 ingressus

196 791 279 857 idola
293 792 396 876 gentis
409 792 475 858 eius
489 791 702 874 assumpserat.
718 789 769 854 hic
781 806 893 854 nouem
903 806 996 853 annos
1005 806 1146 872 regnasse
1159 789 1312 868 scribitur,
1324 796 1343 850 ὁ

196 895 345 977 quantum
359 895 392 959 in
405 894 494 958 libris
507 895 682 978 Regnorum
695 892 823 974 repperi.
844 890 903 957 Sed
916 891 949 956 in
962 891 1202 973 Paralipomenis
1221 894 1313 974 etque

194 997 290 1062 etiam
311 998 344 1061 iu
371 995 526 1063 chromis
557 1014 668 1062 nouem
693 996 726 1061 et
745 995 861 1079 uiginti
881 1012 974 1059 annos
994 994 1159 1076 imperium
1179 994 1312 1060 unnim

172 1101 355 1168 sannotutus
376 1102 437 1178 est,
460 1120 496 1165 ee
516 1099 663 1165 nimirum
684 1099 717 1164 id
738 1098 937 1180 persuadente
957 1097 1087 1174 ratione,
1113 1115 1190 1179 quae
1209 1097 1243 1162 iu
1262 1098 1312 1162 his

194 1201 398 1285 [Regnorum]
409 1201 497 1268 libris
511 1202 600 1268 ieeile
613 1201 745 1284 perspici
758 1202 867 1283 potest.
880 1200 1037 1266 leroboum
1051 1199 1133 1265 enim
1142 1219 1194 1264 rex
1208 1201 1312 1266 docem

192 1303 331 1369 tribuum
350 1305 457 1369 octauo
476 1323 554 1370 anno
573 1303 695 1387 imperii
710 1303 870 1368 Ammaia
888 1303 1021 1368 traditur
1042 1321 1167 1386 regnare
1180 1303 1312 1385 coepisse

193 1425 347 1489 unumque
355 1409 386 1472 et
393 1408 595 1492 quadraginta
603 1425 695 1472 anuos
702 1407 867 1489 imperium
875 1406 1022 1471 tonuisse:
1033 1407 1179 1489 regnante
1186 1406 1311 1480 demum

192 1506 274 1587 Ouia
289 1509 450 1575 Amessiee
464 1509 537 1590 filio,
553 1511 660 1593 quarto
675 1509 797 1592 imperii
811 1510 877 1574 eius
890 1525 968 1573 auno
981 1526 1047 1572 esse
1060 1507 1230 1573 defunctus.
1251 1517 1339 1590 quad

156 1612 307 1680 roratione
327 1631 377 1676 xx
398 1615 429 1678 et
448 1631 528 1679 vnn
548 1631 640 1678 anuos
658 1613 725 1696 regi
743 1611 904 1676 Amessiue
924 1610 1033 1675 effecit.
1055 1610 1159 1692 itaque
1179 1626 1233 1675 nos
1253 1611 1310 1674 hoo

190 1713 293 1796 ipsum
308 1716 420 1793 aas,
441 1716 514 1798 quia
533 1716 681 1780 rationem
702 1716 876 1796 temporum
894 1715 1034 1796 persequi
1047 1714 1161 1795 placet,
1181 1713 1309 1778 Chroni-

190 1834 294 1880 oorum
309 1818 484 1883 auctoritati
499 1819 689 1883 accessimus.

231 1919 334 2003 Igitur
359 1919 518 1986 Amessiee
548 1919 636 1986 Orias
661 1921 744 1986 filim
775 1921 929 1986 succeseit.
960 1939 1032 1985 nam
1052 1921 1085 1984 in
1097 1921 1184 2001 parte
1202 1920 1308 1984 deoem
1317 1933 1357 1996 47

187 2021 327 2086 tribuum
346 2023 415 2086 Ioue
435 2023 518 2088 diem
537 2023 661 2088 iunctus
676 2023 817 2089 Ieroboee
830 2023 895 2087 filio
915 2023 1018 2087 locum
1031 2023 1158 2100 iecerat,
1179 2023 1308 2104 postque

154 2139 178 2178 ¹⁵
187 2122 268 2188 huuc
276 2123 435 2190 Zacharias
450 2125 532 2190 filius
547 2127 612 2191 eius
623 2126 772 2209 regnauit.
787 2126 898 2190 horum
911 2144 966 2190 uos
978 2144 1087 2208 regum
1100 2124 1335 2206 omniumqueo

188 2226 242 2307 qui
256 2227 288 2291 in
301 2229 387 2309 parte
402 2229 507 2293 decem
521 2228 659 2292 tribuum
673 2227 827 2292 Samariae
840 2228 1044 2309 praefuerunt,
1059 2227 1230 2292 annotanda
1243 2245 1306 2291 esse

186 2328 324 2411 tempore
336 2347 397 2394 non
410 2330 603 2412 putarimus,
624 2331 697 2412 quie
716 2331 862 2395 breuitati
882 2331 1038 2395 studentes
1057 2329 1208 2411 superflua
1227 2330 1307 2393 omi·

187 2431 294 2509 simus,
310 2434 341 2498 et
354 2432 394 2497 ad
408 2433 612 2517 cognitionem
626 2433 799 2514 temporum
814 2434 879 2499 eius
893 2433 1089 2515 potissimum
1102 2431 1199 2514 partis
1212 2449 1306 2496 anuos

186 2534 371 2600 credidimus
392 2537 626 2619 persequendos,
649 2555 725 2619 quae
739 2536 772 2600 in
786 2535 998 2617 captiuitatem
1012 2535 1161 2617 posterius
1175 2535 1306 2600 abducto

150 2637 331 2718 ”prolixius
357 2638 479 2721 tempus
505 2640 538 2704 in
565 2657 657 2723 regno
679 2639 795 2703 hebuit.
824 2639 922 2723 igitur
942 2637 1031 2702 Ouiae
1056 2657 1185 2722 regnum
1207 2638 1331 2711 Iudaea

183 2739 312 2821 adeptus
331 2742 524 2825 praecipuam
539 2761 642 2806 curam
657 2741 782 2806 Domini
797 2741 995 2825 cognoscendi
1014 2741 1137 2821 hebuit,
1158 2741 1302 2806 Zacharia

156 2911 161 2922 ,
182 2843 331 2924 prophete
344 2843 512 2925 plurimum
527 2863 614 2908 ursus:
638 2845 747 2928 (Isaiae
767 2845 862 2910 etiam
876 2845 933 2908 sub
947 2843 1005 2908 hoc
1018 2843 1153 2926 primum
1173 2843 1302 2926 prophe-

181 2947 262 3010 tasse
276 2945 422 3031 traditur)
443 2965 502 3029 quo
517 2947 627 3011 merito
641 2947 790 3029 prosperis
805 2947 965 3012 euentibus
978 2947 1142 3012 aduersum
1155 2947 1302 3011 finitimos

181 3047 263 3113 bello
283 3048 394 3133 gessit,
423 3050 541 3114 Arabes
568 3049 662 3114 otium
690 3049 812 3114 douioit.
842 3051 963 3132 iamque
984 3050 1162 3133 Aegyptum
1188 3052 1329 3124 terroree

146 3151 313 3216 unominis
333 3153 381 3216 sui
402 3153 605 3230 concusserat,
628 3153 785 3235 elatusque
804 3153 943 3218 secundis
957 3151 1062 3230 rebus,
1084 3151 1194 3217 illicite
1211 3167 1300 3235 pruo-

181 3272 313 3332 sumens,
328 3253 485 3320 incensum
498 3256 563 3319 Deo
577 3255 699 3334 obtulit,
721 3257 801 3338 quod
816 3255 889 3320 solie
902 3255 1000 3320 iecere
1014 3255 1219 3320 sacerdotibus
1233 3273 1299 3320 mos

181 3357 255 3421 eret.
271 3357 374 3440 itaque
387 3376 442 3438 per
455 3357 598 3424 Ameriam
613 3360 799 3424 sacerdotem
814 3359 979 3441 increpitus
993 3376 1065 3422 cum
1077 3359 1143 3422 looo
1156 3358 1299 3424 deoedere

284 3561 376 3620 131v
392 3563 456 3632 aeg.
477 3563 521 3623 15.
557 3561 597 3621 20
612 3563 642 3617 Π
658 3565 718 3618 Pur.
737 3563 783 3620 26.

230 3733 248 3789 2
266 3734 371 3803 nouem]
390 3734 470 3788 imore
482 3749 599 3798 xxvmr,
619 3740 652 3788 ut
671 3735 735 3788 istri
754 3736 837 3789 etium
847 3733 895 3788 IV
908 3735 974 3804 Rep.
992 3739 1035 3802 14,
1047 3738 1067 3788 2
1083 3735 1197 3801 tudem
1214 3735 1249 3799 cs.
1262 3733 1298 3786 de

178 3819 380 3874 Prutoudtl.
438 3821 676 3879 eauuotetuseet
696 3821 785 3874 EeP:
803 3822 1020 3874 annotetumost
1037 3819 1106 3874 sto
1168 3818 1296 3887 drogne-

177 3905 248 3974 rum]
266 3903 453 3960 chronicorum
466 3905 500 3959 de
511 3905 613 3973 Proto,
631 3923 681 3959 uos
691 3921 832 3975 regnorum
843 3907 1003 3960 inclusimus
1025 3907 1038 3974 ΙΙ
1059 3904 1077 3960 J
1078 3904 1198 3959 eroboem
1210 3905 1250 3971 P,
1261 3911 1295 3958 ut

177 3991 246 4044 coni.
260 3991 400 4045 Heraios:
418 3990 508 4045 dorum
520 3992 535 4045 b
587 3991 604 4047 7
622 3992 727 4060 octauo]
738 4005 815 4045 xum
827 3991 861 4044 de
872 3992 960 4045 Proto
971 4007 1033 4044 cum
1042 3989 1161 4044 Εωώίο
1171 3989 1293 4059 (vacp.

178 4075 230 4143 IV,
245 4079 286 4142 14,
300 4077 349 4145 23)
400 4075 418 4133 9
431 4077 537 4145 quarto]
549 4083 579 4130 ot
589 4093 616 4130 u.
630 4077 664 4130 de
676 4077 763 4131 Proto
779 4078 791 4144 ΙΙ
809 4092 865 4130 esse
877 4077 1016 4130 defunctus
1025 4077 1063 4130 P:
1075 4075 1214 4128 demnctus
1225 4075 1294 4128 estd

230 4161 268 4217 10
279 4161 362 4216 efficit
374 4163 440 4230 (scd.
454 4163 590 4217 meeum
600 4164 632 4216 ire
649 4163 761 4230 Otreos.)
773 4164 842 4217 coni.
856 4163 890 4216 dc
901 4165 989 4221 Proto
1041 4160 1078 4217 12
1096 4160 1255 4215 auctoritate
1267 4161 1295 4214 P

230 4247 266 4304 13
284 4247 361 4303 Ozias
374 4250 418 4316 (ut
430 4255 469 4302 est
479 4249 572 4316 iufra)
584 4248 618 4302 de
630 4249 729 4302 Proto:
742 4249 807 4304 Oris
824 4250 867 4302 Po
930 4249 968 4304 14
984 4247 1104 4301 ieroboao
1117 4249 1156 4302 P:
1174 4247 1293 4300 doremd

177 4331 215 4389 15
227 4331 284 4386 eius
295 4333 367 4388 filius
385 4333 400 4387 d
454 4334 490 4391 19
503 4334 631 4388 credimus
645 4333 699 4396 Pb,
711 4351 757 4388 cm.
771 4335 806 4388 de
818 4335 906 4389 Proto
957 4335 995 4390 22
1006 4332 1128 4386 Esuiesd
1179 4333 1217 4389 23
1229 4348 1291 4385 euu-

174 4416 249 4471 tibus
261 4419 288 4472 P
309 4420 321 4488 ΙΙ
344 4420 496 4475 aduersusb
546 4421 585 4478 26
603 4437 658 4475 mos
676 4421 714 4474 P:
732 4421 773 4475 ies
790 4423 806 4475 t
857 4421 895 4476 27
912 4436 972 4474 cum
988 4435 1051 4473 nos:
1069 4432 1125 4473 eom
1142 4420 1171 4474 P
1185 4417 1291 4487 (Itaque

175 4517 235 4556 cum
246 4519 293 4572 por
304 4505 335 4561 L
348 4537 381 4546 -
394 4523 425 4562 eo
436 4508 493 4562 loco
505 4509 532 4577 b)

1066 4595 1087 4658 4
