3300 5142
673 541 831 612 Epistula
847 541 869 596 1.
1265 545 1327 611 139

204 695 310 775 disset,
326 696 454 762 sensisse
468 696 654 762 referuntur:
676 695 739 762 hio
759 695 866 762 homo
887 697 999 763 debet
1019 697 1212 764 homicida
1231 719 1327 778 esso,
1444 723 1447 729 ·

204 818 313 882 quem
337 799 485 865 saluum
508 799 655 865 iaotum
676 801 718 866 de
740 801 836 865 mari
862 800 944 866 iata
971 802 1104 866 uiuere
1129 818 1202 866 non
1229 805 1328 868 siue-

203 903 300 967 runt.
324 904 357 968 et
376 902 429 966 illo
449 921 573 968 eroussa
592 903 698 987 uipera
717 903 749 968 in
770 904 874 989 iguem
893 904 973 969 nihil
986 904 1062 969 mali
1076 903 1257 986 patiebatur.
1279 905 1329 970 illi

203 1007 307 1070 autom
320 1006 424 1070 subito
439 1023 580 1070 casurum
600 1007 773 1088 strepente
793 1007 979 1071 moriturum
998 1025 1069 1071 eum
1089 1006 1252 1088 putabant,
1276 1007 1329 1069 sed

183 1125 275 1172 soum
289 1107 428 1174 uiderent
441 1108 518 1173 nihil
540 1109 615 1174 meli
636 1109 873 1193 contingerem,
897 1110 1105 1174 oonuortontes
1130 1127 1162 1173 se
1187 1107 1329 1173 dicebaut

203 1229 274 1275 eum
289 1211 390 1276 Deum
404 1229 477 1276 esse.
500 1211 616 1294 adquin
631 1213 681 1277 uel
695 1213 805 1277 horum
820 1213 973 1295 exemplo,
996 1213 1135 1277 omnium
1150 1211 1329 1276 mortalium

202 1313 426 1392 infelicissime,
448 1313 608 1398 perfidiam
621 1316 709 1380 tuem
723 1332 885 1400 coarguere
900 1316 966 1397 ipso
980 1315 1141 1392 debueras,
1164 1315 1200 1378 ut
1220 1314 1248 1378 si
1267 1313 1328 1378 tibi

203 1417 379 1482 seandalum
390 1419 536 1495 mouerat,
546 1418 626 1500 quod
632 1417 913 1484 Mmtinusflamma
923 1417 1327 1502 ignisuiosoeeureoteotm

202 1520 283 1585 huno
297 1537 419 1584 rursum
431 1520 588 1585 autentum
602 1520 641 1585 ad
656 1521 767 1586 merite
781 1522 867 1586 illius
881 1523 913 1586 et
927 1522 1076 1586 uirtutem
1090 1519 1231 1598 referres,
1247 1518 1328 1602 quod

168 1623 440 1704 rooiroumsaeplus
451 1623 574 1707 ignibus
588 1641 648 1689 non
662 1625 798 1706 perisset.
820 1642 948 1708 agnosce
962 1624 1060 1701 enim,
1075 1623 1184 1701 miser,
1200 1631 1356 1707 agnosoeo

203 1725 283 1808 quod
295 1726 401 1804 neseis,
414 1743 518 1790 omnes
529 1725 590 1791 fero
602 1728 721 1791 senotos
732 1728 832 1811 magis
843 1728 979 1811 insignes
990 1727 1193 1808 periculorum
1203 1743 1329 1790 suorum

202 1828 297 1893 fuisse
312 1828 490 1894 uirtutibus.
514 1829 603 1894 uideo
619 1830 743 1912 quidem
759 1831 886 1895 Petrum
902 1831 961 1895 fioe
981 1831 1137 1913 potentem
1156 1848 1258 1894 rerum
1272 1827 1328 1892 ob-
1435 1854 1439 1864 ·

203 1932 303 1996 stante
313 1934 422 1996 natura
437 1951 520 1996 mare
536 1932 664 2014 pedibus
682 1951 911 2017 supergressum
928 1937 960 1998 et
975 1933 1135 1998 instabiles
1152 1951 1245 2014 eques
1262 1949 1328 1996 oor·

203 2051 292 2117 poreo
303 2035 447 2116 pressisse
462 2035 602 2119 uestigio.
619 2037 671 2100 sed
686 2053 746 2100 non
761 2036 828 2100 ideo
843 2037 922 2101 mihi
936 2037 1037 2100 minor
1050 2035 1174 2100 uidetur
1187 2035 1328 2118 gentium

172 2137 399 2220 sepreodioator‚
416 2157 507 2220 quem
521 2137 632 2202 fluetus
654 2139 812 2203 absorbuit
831 2140 863 2202 ot
887 2140 957 2221 poet
978 2139 1117 2203 indorum
1138 2137 1328 2219 totidemque

205 2241 307 2305 nootes
319 2242 523 2324 emergentem
550 2259 566 2305 o
591 2241 739 2323 profundo
766 2242 848 2306 unde
872 2241 1017 2306 restituit.
1041 2241 1139 2323 adque
1163 2238 1263 2304 neseio
1288 2257 1327 2302 an

205 2361 298 2425 paene
308 2342 377 2425 plus
389 2343 483 2408 fuerit
493 2343 605 2409 uixisse
617 2344 649 2409 in
660 2343 807 2426 profundo
819 2364 858 2409 an
869 2342 1217 2426 supramerisproiunda
1226 2343 1327 2406 trans-

205 2446 274 2511 isse.
301 2447 353 2510 sed
365 2446 439 2510 hese
454 2449 499 2524 tu,
511 2449 547 2511 ut
563 2447 702 2524 arbitror,
714 2448 818 2525 stulte,
831 2465 890 2512 uon
900 2448 1018 2532 legeras
1035 2447 1090 2512 aut
1105 2446 1254 2511 leoianon
1271 2451 1354 2509 eui

206 2548 312 2614 dieras.
341 2550 535 2632 nequeenim
554 2551 666 2633 absque
683 2551 787 2616 diuino
805 2551 929 2615 oonsilio
945 2551 1037 2615 istius
1052 2549 1135 2615 modi
1153 2547 1327 2630 exemplum

171 2652 312 2716 rubeatus
332 2653 531 2736 Euangelista
547 2654 639 2717 saeris
659 2654 772 2719 litteris
792 2654 984 2736 protulisset,
1007 2653 1067 2718 nisi
1087 2654 1124 2717 ut
1143 2671 1179 2717 ex
1197 2651 1248 2715 hie
1267 2651 1327 2715 bu-

206 2773 296 2819 mana
310 2773 395 2820 mens
409 2756 580 2821 erudiretur
594 2756 823 2841 naufragiorum
844 2757 941 2839 adque
961 2755 1146 2839 serpentium
1162 2771 1263 2832 cesus,
1286 2755 1326 2830 et,

207 2858 287 2922 siout
301 2858 466 2939 Apostolus
482 2858 589 2935 referi,
612 2860 665 2942 qui
691 2859 832 2924 nuditate
857 2861 888 2923 et
912 2859 994 2924 ieme
1013 2858 1227 2940 latronumque
1246 2857 1327 2939 peri-

207 2960 284 3024 eulis
299 2960 462 3044 glorietur,
486 2963 588 3026 omnia
601 2963 675 3026 heeo
700 2963 813 3027 sanetis
838 2962 1014 3027 hominibus
1034 2962 1073 3026 ed
1098 2960 1328 3042 perpetiendum
1434 3002 1437 3009 ·

206 3063 330 3145 quidem
344 3081 410 3129 esse
424 3065 611 3143 eommunia,
635 3071 687 3130 seu
707 3065 756 3129 bis
775 3065 941 3130 tolerandis
956 3065 1054 3147 adque
1068 3063 1225 3128 uinoendis
1239 3079 1328 3144 prae·

171 3165 326 3248 ssoipuam
342 3185 460 3248 semper
473 3167 625 3232 iustorum
640 3167 734 3232 luisse
753 3168 918 3245 uirtutem,
942 3168 1016 3233 dum
1036 3186 1090 3249 per
1110 3166 1213 3230 omnia
1226 3167 1328 3246 tomp-

205 3269 342 3333 tamenta
355 3269 504 3350 potientes
519 3273 550 3334 ei
564 3289 683 3353 semper
696 3271 805 3336 inuioti
816 3273 903 3336 tanto
914 3270 1024 3335 fortius
1034 3270 1199 3347 uinoerent‚
1214 3270 1327 3351 quanto

206 3371 329 3453 gramm
343 3373 546 3454 pertulissent¹
569 3375 649 3440 unde
663 3375 733 3451 hoo,
757 3375 837 3456 quod
851 3374 890 3438 ed
904 3374 1031 3438 Martini
1045 3371 1257 3438 infirmitatem
1271 3384 1355 3439 uo-8

206 3474 306 3551 cetur,
329 3473 454 3556 plenum
468 3479 516 3543 est
535 3477 697 3562 dignitatis
718 3478 749 3541 et
763 3477 887 3561 gloriae,
903 3476 1054 3559 siquidem
1069 3475 1326 3558 periculosissimo

307 3662 331 3718 1.
351 3662 419 3717 Aeta
437 3665 527 3734 Apost.
547 3664 593 3728 28,
613 3665 641 3721 4.

256 3819 403 3876 ldixsisse
418 3821 455 3888 V,
467 3819 515 3874 sed
526 3818 571 3873 dix
582 3820 615 3873 in
626 3835 680 3874 roe.
705 3820 717 3887 ΙΙ
737 3818 781 3873 bio
792 3817 871 3872 homo
882 3817 1016 3886 hemiola(
1033 3820 1038 3831 '
1049 3821 1065 3887 )
1081 3821 1161 3874 estA
1213 3819 1327 3875 bimis

203 3908 230 3959 A
253 3907 264 3974 ΙΙ
287 3907 408 3960 siuernnt
425 3909 443 3959 3
461 3905 536 3961 codd.
561 3905 642 3959 Greci.
665 3910 691 3959 et
710 3907 750 3958 A:
774 3904 914 3958 sinuerunt
933 3905 1029 3974 FQV,
1046 3905 1093 3960 eod
1107 3907 1190 3974 prior
1209 3921 1228 3959 n
1247 3905 1279 3958 ia
1299 3905 1330 3959 F

199 3997 352 4060 punctulo,
379 3991 472 4046 sinunt
490 4007 506 4045 o
584 3990 602 4047 6
620 3990 719 4059 adquin
735 3990 762 4046 V
775 4007 819 4058 pr.
832 4007 883 4044 m..·
902 3990 987 4060 adque
1003 3992 1106 4045 Voorr.
1125 3990 1245 4059 alioquin
1255 3991 1328 4044 AFo

254 4076 556 4134 8mouebeturFoorr.
612 4077 649 4134 13
661 4075 788 4130 irretebile
804 4076 831 4130 V
881 4076 918 4132 14
929 4076 1016 4130 minor
1024 4075 1093 4130 mibi
1102 4076 1173 4129 AFo
1226 4076 1262 4135 15
1281 4076 1327 4130 ob·

203 4162 306 4218 sorbuit
318 4162 398 4233 ΑΓΘ
476 4162 513 4220 16
531 4163 622 4232 itaque
638 4162 741 4218 Voorr.
761 4177 795 4216 ee
812 4161 897 4230 adom
919 4164 932 4228 ΙΙ
954 4162 1043 4216 neseio
1059 4162 1094 4217 V:
1112 4160 1184 4216 haud
1195 4160 1327 4216 soioAFo

256 4249 292 4306 17
312 4265 389 4318 quem
413 4249 630 4319 supraVorstiae
694 4247 731 4305 18
751 4249 808 4316 aut]
823 4248 893 4302 anV
953 4247 995 4304 20
1013 4263 1044 4300 ex
1061 4247 1173 4315 ismael.
1190 4247 1208 4301 h
1225 4263 1245 4302 e.
1265 4248 1330 4317 l.)V

254 4335 292 4392 22
301 4338 330 4389 ot
345 4336 380 4390 V:
398 4351 447 4390 om.
460 4333 532 4388 AFu
583 4333 620 4390 23
639 4333 792 4388 bominibus
809 4333 846 4388 V.-
864 4332 1016 4386 bominibus
1029 4335 1109 4400 atque
1120 4333 1243 4387 omnibus
1255 4333 1327 4386 AFe

254 4421 292 4477 24
310 4420 523 4490 edqnedeeste'n
539 4419 784 4490 Vmorpineloeea
853 4418 891 4474 26
909 4421 937 4471 ot
953 4419 991 4473 V.-
1010 4435 1059 4472 om.
1073 4418 1145 4472 AFo
1175 4421 1188 4486 ΙΙ
1218 4417 1286 4472 uicti
1302 4417 1330 4472 V

254 4506 292 4563 27
311 4505 511 4560 infirmitateV
