3300 5142
580 534 744 604 Dialogus
761 535 783 598 Ι,
802 551 824 590 c.
845 535 924 591 1-2.
1254 536 1317 602 153

192 689 294 758 adluit
308 689 471 756 uoluntati.
493 689 528 755 tn
555 690 660 768 modo,
683 691 807 773 propter
832 709 924 773 quem
949 691 1120 756 tetmaris
1144 690 1319 757 transneui·

190 793 350 880 ganiman,
372 793 495 858 tantum
514 794 611 858 terroe
630 793 922 874 transcucurrimus,
944 793 1194 876 conplectendum
1214 793 1319 860 truen-

191 896 326 978 dumque
351 897 382 960 te
408 896 533 960 remotis
555 895 697 962 omuibus
723 896 819 962 uode.
850 898 918 980 Ego
944 914 1031 977 uero,
1060 897 1201 980 inquom,
1225 896 1350 962 suamc

192 1017 263 1064 cum
276 1000 313 1063 tu
327 998 360 1064 iu
374 998 516 1083 Aegypto
531 999 707 1078 morareris,
721 999 806 1064 totuis
820 999 925 1064 tecum
938 1017 1057 1082 semper
1071 999 1173 1064 enimc
1187 1001 1220 1064 et
1233 998 1321 1082 cogi·

169 1101 306 1168 rtetiom
326 1101 481 1181 uertebar,
505 1120 613 1184 meque
633 1101 671 1167 de
685 1104 717 1167 te
738 1101 803 1166 dies
825 1121 861 1167 cc
880 1104 984 1168 noctes
1010 1102 1197 1186 cogitantem
1218 1103 1321 1166 totum
1401 1075 1419 1104 ⁸

190 1206 246 1270 tun
258 1205 369 1270 ceritas
380 1203 565 1286 possidebat,
580 1204 693 1271 nedum
708 1205 798 1270 modo
813 1223 864 1270 me
878 1205 939 1270 tibi
953 1205 1098 1270 aestimes
1111 1206 1224 1288 puncto
1238 1205 1320 1270 tem·

190 1307 273 1389 poris
288 1306 481 1386 defuturum,
504 1307 667 1390 quominus
693 1307 731 1372 eb
759 1325 808 1372 ore
835 1310 889 1373 tuo
913 1308 1046 1391 pendens
1071 1309 1103 1373 te
1128 1308 1268 1386 intueor,
1290 1308 1322 1372 te

192 1410 330 1489 audiam,
353 1411 457 1475 tecum
471 1409 593 1492 loquar,
615 1410 701 1476 nullo
716 1412 839 1493 penitus
853 1411 887 1476 in
901 1413 1053 1476 secretum
1066 1411 1222 1489 nostnrm,
1238 1409 1321 1493 quod

192 1512 280 1578 nobis
294 1513 368 1578 hoec
382 1513 526 1578 remotior
540 1513 651 1578 cellule
670 1515 818 1596 praestet,
842 1514 985 1579 edmisso.
1007 1533 1081 1579 nem
1100 1513 1193 1579 liuius
1213 1512 1321 1593 nostri,

150 1639 176 1679 ιο
192 1617 229 1682 ut
243 1613 391 1694 arbitror,
404 1615 488 1682 Gelli
502 1615 704 1698 praesentiam
724 1635 784 1682 non
799 1616 928 1683 moleste
942 1616 1030 1694 feres,
1046 1616 1100 1698 qui
1114 1617 1171 1682 hoc
1186 1616 1321 1682 aduentu

193 1720 263 1798 tuo,
286 1719 322 1784 ut
337 1718 437 1798 uides,
453 1718 576 1802 perinde
591 1719 689 1802 adque
708 1739 765 1804 ego
780 1719 954 1802 triumphet
967 1719 1089 1803 gaudio.
1112 1719 1206 1784 Recte
1219 1719 1321 1801 plene,

194 1821 296 1904 inquit
309 1821 543 1902 Postumimus,
566 1823 599 1886 in
623 1823 767 1888 societate
786 1824 892 1888 nostru
911 1821 1020 1888 Gallus
1041 1823 1100 1887 iste
1125 1821 1354 1891 retinebiturzo

194 1924 247 2006 qui
272 1924 331 1989 etei
356 1924 435 1988 milri
459 1944 569 2007 purum
594 1925 735 2010 cognitus
761 1927 823 2003 est,
846 1944 901 2008 pro
916 1943 951 1990 eo
965 1927 1085 2005 temen,
1108 1925 1189 2007 quod
1203 1924 1264 1990 tibi
1278 1925 1327 1989 cst

195 2027 386 2106 emiesimus,
401 2028 743 2110 nonpotestmihinon
758 2047 822 2094 esse
840 2046 943 2106 curus,
959 2029 1177 2094 maximorum
1192 2046 1227 2092 er
1242 2028 1327 2092 Mer-

162 2155 187 2194 rr
196 2129 255 2194 tini
269 2129 311 2194 sit
325 2130 495 2214 disciplina.
511 2149 608 2214 neque
622 2131 772 2215 grouubor
798 2131 969 2215 quemlibet
994 2132 1129 2196 conserte
1156 2130 1327 2195 uobiscum,

197 2233 234 2298 ut
257 2233 397 2314 poscitis,
419 2232 567 2312 fabunri,
593 2233 705 2317 quippe
727 2253 798 2300 eum
812 2236 936 2317 propter
957 2233 1014 2298 hoc
1039 2233 1191 2311 nouerim,
1214 2233 1251 2296 ut
1276 2251 1326 2296 me

197 2333 289 2399 huius
304 2334 433 2418 Sulpicii
453 2336 568 2401 mei-
580 2355 629 2402 me
649 2338 753 2402 numm
773 2338 902 2420 utreque
922 2356 1016 2402 manu
1029 2335 1274 2418 conplectebatur
1285 2371 1327 2381 -

197 2437 346 2504 desiderio
362 2438 457 2504 ctiam
472 2439 617 2504 nerbosns
632 2440 836 2530 inpenderem.

240 2541 421 2619 Enimuero,
443 2541 586 2624 inquam,
602 2542 678 2608 setis
693 2543 849 2624 probasti,
871 2544 1021 2625 quantum
1035 2542 1105 2624 pius
1120 2560 1206 2608 emor
1220 2541 1359 2624 possiti

165 2645 253 2726 ecqui
266 2645 364 2710 nostri
378 2646 526 2709 monetet
537 2645 634 2710 marin
648 2647 831 2729 tantumque
842 2647 994 2711 terrerum
1009 2663 1149 2710 emensus
1163 2663 1183 2710 a
1197 2661 1329 2724 summo,

200 2747 236 2812 ut
260 2748 305 2812 ite
330 2747 449 2826 dicam,
473 2748 546 2814 solis
571 2767 693 2833 egressu
719 2767 814 2831 usque
841 2749 875 2814 in
899 2749 965 2814 eius
987 2748 1114 2814 occidua
1127 2747 1251 2813 uenisti.
1274 2758 1360 2832 agen

201 2864 287 2933 ergo,
311 2850 383 2932 quie
403 2851 434 2916 et
448 2851 556 2916 secreti
576 2851 655 2917 inter
669 2868 723 2917 nos
737 2870 793 2917 nec
807 2852 945 2932 occupati
961 2869 1067 2916 sumus
1081 2853 1115 2916 et
1128 2850 1262 2915 sermoni
1277 2852 1331 2915 tuo

203 2970 309 3017 necere
319 2953 475 3032 debemus,
491 2954 637 3020 edisseres
647 2955 736 3020 nobis
748 2955 844 3018 uelim
855 2971 978 3019 omnem
991 2955 1063 3018 tnnc
1077 2953 1332 3038 peregrinationis

201 3053 377 3136 historiam,
400 3057 532 3139 qualiter
546 3057 578 3122 in
593 3057 715 3123 Oriente
729 3057 804 3122 fides
819 3056 936 3122 Christi
949 3057 1074 3134 floreat,
1096 3055 1230 3139 quaesit
1244 3073 1332 3120 sanc·

168 3159 304 3224 ntorum
319 3161 420 3242 quies,
444 3179 520 3244 qnae
544 3161 688 3226 instituta
714 3160 947 3239 monachorum,
970 3159 1153 3243 quantisque
1174 3158 1272 3243 signis
1296 3175 1332 3223 uc

204 3397 353 3452 scenderem
364 3429 396 3438 -
405 3399 571 3468 peruenerim
583 3399 730 3467 ferendum
750 3405 804 3468 est,
828 3416 879 3455 nec
895 3405 992 3468 aptum
1003 3398 1117 3453 uidetur
1129 3399 1211 3453 talem
1221 3403 1333 3453 senten·

204 3483 273 3538 tiam
283 3483 352 3538 ‘iudo
364 3483 416 3538 huc
427 3485 528 3540 decimo
539 3485 656 3555 perueni'
669 3503 687 3539 o
699 3486 792 3541 sordre
803 3487 861 3540 dlis
871 3485 957 3540 ‘tento
968 3485 1101 3540 desiderio
1112 3486 1249 3554 correptus
1267 3478 1334 3538 sum’

203 3585 437 3638 suspensomccee.

257 3655 272 3712 1
292 3656 525 3726 traueneuigemus
546 3657 577 3712 Γ
590 3673 635 3726 pr.
657 3675 691 3712 m.
762 3659 780 3714 2
798 3656 1038 3711 transcucurrimus
1054 3656 1090 3710 V:
1108 3655 1286 3710 trecurrimus
1297 3654 1333 3719 A,

207 3741 414 3796 transcurrimus
435 3741 480 3796 Fe
502 3745 514 3810 ΙΙ
536 3743 727 3812 fruendumque
753 3744 788 3798 V:
806 3741 1046 3812 perfruendumque
1066 3741 1142 3796 AFo
1201 3741 1220 3799 5
1237 3739 1337 3809 totum]

205 3830 270 3882 tunc
286 3828 312 3882 V
364 3827 382 3884 6
405 3829 536 3898 depuncto
548 3831 576 3884 A
639 3828 656 3884 7
675 3828 709 3884 eb
721 3845 765 3883 ore
777 3829 811 3884 dc
823 3830 925 3883 Proto:
942 3843 1030 3882 umore
1042 3827 1107 3880 idm
1168 3826 1188 3883 8
1205 3828 1234 3878 te
1245 3825 1339 3893 loquor

207 3913 237 3968 F
242 3930 287 3985 pr.
300 3931 333 3968 m.
398 3915 436 3971 10
453 3915 523 3969 ferne
535 3915 566 3969 F
574 3920 600 3970 ct
612 3931 680 3970 corr.
695 3915 722 3968 A
745 3915 757 3983 ΙΙ
780 3914 828 3984 qui
839 3914 907 3968 AV:
925 3913 990 3982 quie
1001 3913 1029 3966 A
1040 3928 1110 3968 corr.
1123 3911 1168 3966 Fo
1191 3912 1204 3978 ll
1226 3909 1278 3964 huc
1291 3909 1337 3964 od-

205 3999 281 4053 uenit
292 4001 321 4053 et
331 4003 379 4054 tuo
395 4001 421 4055 V
466 4000 501 4056 11
521 4017 569 4070 ego
580 3999 648 4054 FV:
667 4016 716 4070 ego
728 4000 786 4069 ipse
797 4001 842 4054 Ao
890 3999 927 4056 12
945 3997 1107 4053 retenibitur
1121 3997 1149 4052 V
1189 3995 1228 4052 10
1238 3995 1286 4064 qui
1301 3996 1337 4051 V:

205 4085 346 4154 quieAFo
393 4085 431 4143 14
441 4085 569 4154 quomodo
579 4086 745 4140 etmihinon
754 4087 845 4154 potest
856 4084 1042 4152 emccerusV,
1051 4085 1176 4152 fertquo
1184 4080 1339 4136 modomilri

206 4185 259 4224 non
270 4187 294 4240 p.
308 4187 364 4226 esse
376 4172 473 4226 cerus?
527 4171 563 4229 16
581 4172 696 4241 poscites
706 4172 733 4226 V
745 4173 758 4240 ll
774 4187 835 4226 cunr
846 4170 1004 4225 ABFMV:
1015 4176 1077 4223 cum
1087 4167 1167 4222 lurco
1230 4166 1339 4224 181101-

206 4255 299 4311 besum
311 4261 331 4312 2
348 4257 424 4313 codd.
443 4257 573 4322 (dirotini,
592 4257 730 4312 uerboeins
742 4257 782 4312 ed.
795 4257 880 4310 Laeti
939 4254 974 4312 19
993 4253 1088 4324 probes
1101 4253 1210 4308 Vsolue
1220 4268 1256 4307 ex
1266 4253 1340 4306 notis

259 4343 297 4402 23
316 4344 446 4398 edisseres
456 4345 615 4413 -quelitcr
627 4359 675 4398 orn.
699 4343 729 4398 F
743 4359 788 4411 pr.
802 4359 851 4406 m.‚
869 4344 901 4396 ut
912 4341 1043 4396 edisseres
1058 4339 1085 4394 V
1102 4339 1116 4407 ΙΙ
1135 4353 1236 4409 peregr.
1249 4341 1341 4392 tuneo

262 4429 303 4486 24
319 4429 358 4483 eit
369 4429 409 4484 ibi
421 4429 462 4488 cd.
475 4429 558 4497 Ald.,·
570 4445 637 4500 ques
650 4429 707 4484 sint
721 4429 761 4483 ibi
773 4431 926 4484 sanctorum
935 4426 1006 4480 uires
1015 4425 1085 4481 ceni.
1096 4425 1189 4480 Voock
1257 4425 1297 4484 25
1309 4437 1342 4478 nu

209 4515 277 4571 FV:
292 4518 320 4570 ct
331 4516 358 4570 A
