3300 5142
611 539 772 598 Octauius
790 555 811 593 c.
831 539 951 596 21-22.
1305 539 1345 604 31

219 714 278 780 que
292 698 482 762 nascuntur?
496 695 653 786 nisixforte
666 697 731 764 iam
745 697 887 781 Iuppiter
901 697 1004 764 senuit
1019 696 1051 760 et
1064 697 1173 778 partus
1188 695 1221 760 in
1232 694 1348 759 Iunone

220 798 333 865 defecit
347 801 380 865 et
393 799 536 866 Minerua
549 800 654 866 canuit
668 801 834 883 antequam
849 801 978 884 peperit.
994 819 1034 865 an
1054 797 1123 864 ideo
1139 798 1272 863 cessauit
1286 797 1349 861 ista

219 903 393 989 generatio,
409 903 555 985 quoniam
568 904 655 969 nulla
668 904 847 970 huiusmodi
867 903 983 969 fabulis
1003 901 1166 985 praebetur
1187 899 1349 965 adsensio?

219 1006 358 1071 ceterum
372 1005 400 1071 si
416 1006 461 1071 dii
476 1025 578 1072 creare
591 1010 738 1089 possent,
764 1007 890 1074 interire
904 1025 965 1073 non
985 1006 1128 1090 possent,
1148 1003 1253 1087 plures
1272 1002 1349 1067 totis
1360 1009 1398 1066 12

198 1108 395 1174 shominibus
410 1108 481 1175 deos
496 1110 694 1190 haberemus,
710 1111 824 1176 utiam
841 1129 891 1176 eos
905 1129 961 1176 nec
976 1109 1094 1176 caelum
1111 1106 1280 1173 contineret
1294 1124 1350 1172 neo

219 1218 273 1278 adr
286 1214 409 1297 caperet
422 1232 479 1279 nec
492 1215 575 1279 terra
587 1216 731 1299 gestaret.
753 1214 835 1280 unde
850 1213 1050 1280 manifestum
1065 1214 1113 1278 est
1127 1211 1267 1277 homines
1279 1209 1350 1274 illos

220 1314 331 1396 luisse,
347 1335 424 1400 quos
438 1320 470 1383 et
484 1320 573 1384 natos
596 1319 729 1404 legimus
753 1320 784 1384 et
808 1319 946 1384 mortuos
973 1318 1097 1383 scimus.
1124 1316 1198 1398 †et
1220 1312 1351 1395 despicis

219 1420 314 1484 Isidis
334 1421 373 1485 ad
393 1420 601 1502 hirundinem,
624 1423 764 1502 sistrum,
780 1423 812 1488 et
827 1423 866 1489 ad
881 1421 995 1507 sparsis
1010 1419 1157 1507 membris
1168 1419 1292 1484 inanem
1303 1414 1350 1480 tui

219 1521 376 1607 Serapidis
391 1524 458 1590 siue
472 1523 571 1590 Osiris
585 1525 752 1591 tumulum.

185 1643 211 1684 ιο
263 1625 428 1692 Considera
439 1627 572 1710 denique
592 1647 678 1694 sacra
693 1628 760 1711 ipsa
775 1630 807 1694 et
821 1628 889 1711 ipsa
914 1627 1077 1712 mysteria:
1093 1624 1231 1691 inuenies
1250 1622 1351 1689 exitus
1361 1627 1401 1692 22

223 1729 348 1809 tristes,
378 1731 444 1796 feta
465 1734 497 1796 et
516 1731 624 1797 hmera
638 1734 670 1797 et
684 1733 787 1796 luctus
807 1733 900 1814 atque
914 1730 1056 1815 planctus
1076 1729 1259 1794 miserorum
1279 1726 1351 1791 deo·

219 1851 298 1897 rum.
321 1832 381 1897 Isis
403 1834 561 1916 perditum
575 1834 677 1902 filium
692 1854 763 1900 cunr
785 1833 995 1919 Cynocephalo
1016 1850 1070 1898 suo
1086 1834 1117 1897 et
1138 1829 1235 1897 ualuis
1250 1847 1351 1894 sacer·

219 1935 345 2002 dotibus
372 1936 481 2020 luget,
503 1938 641 2023 plangit,
671 1938 817 2021 inquirit,
852 1941 883 2004 et
898 1937 990 2003 Isiaci
1005 1936 1111 2002 miseri
1126 1934 1257 2000 caedunt
1280 1949 1352 2014 pec·

218 2039 287 2104 tora
302 2041 334 2104 et
348 2039 485 2106 dolorem
511 2041 741 2106 infelicissimae
765 2041 876 2107 matris
901 2041 1085 2107 imitantur:
1126 2056 1197 2104 mor
1226 2035 1352 2102 inuento

185 2170 211 2210 rs
219 2142 349 2223 paruulo
361 2141 477 2227 gaudet
487 2143 558 2222 Isis,
578 2145 729 2210 *exultant
744 2145 932 2224 sacerdotes,
955 2143 1184 2228 Cynocephalus
1202 2142 1345 2206 inuentor

220 2244 387 2330 gloriatur,
413 2263 469 2311 nee
494 2246 638 2312 desinunt
664 2248 751 2313 annis
773 2247 917 2312 omnibus
943 2248 995 2313 uel
1021 2245 1146 2329 perdere
1169 2244 1250 2327 quod
1264 2243 1352 2309 inue-

220 2348 312 2414 niunt
337 2348 388 2413 uel
414 2349 552 2415 inuenire
572 2351 653 2432 quod
678 2351 820 2434 perdunt.
842 2369 939 2417 nonne
965 2350 1133 2415 ridiculum
1153 2349 1201 2413 est
1225 2346 1277 2413 nal
1302 2347 1381 2411 lua

220 2470 291 2536 gere
316 2453 398 2534 quod
418 2453 500 2518 colas
519 2454 572 2518 uel
595 2453 694 2519 colere
716 2455 798 2536 quod
812 2455 942 2539 lugeas?
967 2454 1042 2519 haec
1066 2455 1172 2518 tamen
1197 2450 1354 2534 Aegyptia

220 2555 375 2636 quondam
403 2576 485 2622 nuuc
511 2558 543 2622 et
568 2576 655 2623 secra
678 2558 817 2624 Romana
839 2558 921 2623 suut.
958 2557 1048 2624 Ceres
1074 2556 1193 2622 facibus
1218 2555 1353 2620 accensis

185 2660 252 2722 ael
273 2661 412 2742 serpente
434 2660 625 2726 circumdata
640 2679 739 2726 errore
759 2662 939 2744 subreptam
965 2664 997 2728 et
1011 2662 1186 2745 corruptam
1209 2659 1353 2725 Liberam

221 2764 312 2827 auria
331 2764 364 2828 et
387 2763 522 2829 sollicita
547 2765 700 2850 uestigat:
726 2764 800 2831 haee
826 2767 901 2830 sunt
925 2764 1092 2830 Eleusinia.
1119 2765 1151 2830 et
1171 2781 1248 2846 quae
1268 2762 1352 2828 Iouis

221 2883 307 2931 saera
329 2870 423 2933 suut?
453 2869 558 2934 nutrix
578 2869 697 2952 capella
723 2870 776 2933 est.
799 2869 831 2933 et
859 2868 950 2934 auido
975 2869 1058 2952 patri
1087 2867 1282 2932 subtrahitur
1303 2866 1380 2931 ἰπὶ-3

221 2968 309 3050 faus,
324 2990 363 3036 ne
377 2973 521 3050 noratur,
549 2973 581 3036 et
596 2970 805 3056 Corybantum
821 2971 988 3056 cymbalis,
1014 2990 1053 3036 ne
1067 2971 1155 3054 pater
1174 2968 1282 3035 audiat
1295 2987 1350 3033 ua·

221 3073 322 3156 gitus,
338 3074 472 3140 tinnitus
488 3071 625 3141 eliditur.
642 3073 773 3159 Cybelae
787 3075 946 3158 Dindyma
960 3074 1056 3158 pudet
1071 3073 1187 3152 dicere,
1203 3092 1280 3155 quae
1295 3071 1381 3137 ad-4

272 3314 395 3370 deterri
413 3313 545 3368 Gelenius
571 3317 584 3383 ΙΙ
606 3315 711 3384 possint
723 3316 772 3381 Pr,
797 3330 845 3369 ern.
863 3313 994 3369 Gelenius
1073 3313 1090 3370 6
1109 3329 1154 3367 aer
1166 3330 1197 3368 r:
1216 3329 1278 3367 aera
1290 3313 1318 3366 Ρ

222 3398 241 3454 7
260 3400 288 3451 et
300 3398 415 3468 despicis
430 3401 470 3468 P,
489 3402 518 3454 et
530 3400 640 3470 dispicis
660 3418 689 3466 η
707 3401 795 3456 uerba
811 3401 920 3470 partim
936 3399 1068 3469 correpta
1090 3416 1124 3454 ea
1144 3400 1199 3454 alio
1221 3401 1277 3454 loco
1298 3400 1351 3454 buc

219 3487 334 3540 inuecta
342 3487 946 3557 eeseprimuaiatellercitValdea,qaieopost
954 3485 1353 3556 aerbahaectamendegyptia
1399 3499 1402 3506 ’

221 3572 354 3642 qnondam
366 3588 436 3626 nunc
448 3574 476 3626 et
488 3572 610 3626 Romana
621 3589 697 3627 sacra
709 3576 772 3627 suut
784 3576 881 3641 (uersa
894 3575 940 3642 19)
952 3573 1164 3642 trocaspoaeeda
1175 3578 1201 3626 et
1212 3573 1252 3626 sic
1264 3571 1351 3626 corri-

219 3659 313 3730 yeada
325 3665 429 3714 censet:
458 3662 486 3715 ct
504 3659 622 3729 desipias
639 3660 721 3714 Isidis
738 3660 773 3714 ad
789 3660 961 3715 hirundinem
979 3666 1025 3715 ete.
1045 3661 1069 3716 h.
1084 3676 1105 3714 e.
1119 3666 1145 3714 et
1156 3661 1218 3714 lieet
1230 3659 1280 3714 tabi
1295 3659 1352 3712 iam

221 3746 345 3816 desipere
357 3746 405 3814 (cf.
424 3748 471 3815 24,
489 3749 507 3800 5
523 3744 553 3799 iu
569 3746 625 3800 ista
643 3745 773 3816 desipere)
789 3746 828 3801 ad
841 3746 925 3802 Isidis
936 3746 1129 3814 biraeadiaem,
1148 3747 1274 3812 scetem
1292 3745 1352 3798 siae

220 3833 259 3887 ad
271 3831 435 3902 eaqauead
456 3833 542 3888 leidae
558 3833 662 3888 meltum
677 3834 822 3901 pertineat
874 3831 892 3889 8
913 3831 947 3886 ad
968 3833 1068 3902 sparsis
1084 3832 1194 3888 Oebler:
1217 3829 1351 3898 adsparsis

220 3920 260 3984 P,
280 3920 396 3989 aspersis
408 3937 436 3984 r,
460 3919 589 3988 dispersis
600 3919 755 3973 ‘Meeorsius
824 3918 842 3976 9
860 3917 975 3975 Osiridis
996 3935 1011 3972 r
1087 3918 1126 3975 10
1143 3933 1217 3971 sacre
1241 3915 1301 3984 ipsa
1324 3917 1352 3970 et

220 4007 351 4075 mysteria
368 4005 531 4060 Baldac'rcus
585 4005 622 4062 12
634 4004 783 4076 cyneoelalo
797 4005 833 4074 P,
845 4006 909 4060 item
918 4005 1077 4074 paulopost
1093 4006 1105 4073 ΙΙ
1124 4006 1152 4058 et
1163 4003 1226 4056 ahie
1238 4019 1318 4056 sacr

223 4091 260 4148 13
272 4093 393 4161 anquirit
410 4093 504 4146 malim
548 4091 587 4148 20
598 4091 755 4146 circumlata
766 4107 782 4144 r
793 4091 871 4159 ,4321
891 4093 921 4145 at
938 4107 1005 4160 quae
1025 4091 1144 4145 Vrsinus
1209 4089 1248 4145 24
1266 4087 1350 4143 tinui-

220 4178 266 4231 tus
284 4178 430 4232 Gelenius:
442 4178 528 4231 initus
534 4179 577 4232 Pr
593 4180 605 4247 ll
622 4176 711 4231 editur
721 4175 860 4233 Woweraa
883 4179 895 4246 ll
919 4177 1009 4248 cybele
1022 4178 1064 4231 Pr
1069 4197 1079 4244 ‚·
1091 4176 1124 4230 de
1137 4174 1234 4246 Cybele
1248 4174 1351 4244 Dindy-

220 4279 299 4317 mena
315 4264 460 4330 Gelenius,
479 4263 595 4335 Cybelen
610 4264 804 4333 Dyndimenam
821 4264 980 4332 Meersius;
1004 4262 1038 4317 de
1059 4262 1198 4317 adieetiao
1217 4261 1351 4331 Dindyma

221 4351 266 4416 (ee.
281 4352 367 4420 sacra)
390 4351 500 4417 confert
520 4351 630 4406 Roererc
647 4351 820 4406 columellam
837 4351 871 4404 de
887 4351 965 4405 celtae
982 4351 1050 4404 bort.
1073 4366 1101 4402 a.
1119 4351 1179 4402 220
1193 4354 1219 4402 et
1231 4347 1352 4401 Ausonii

220 4452 261 4503 ep.
275 4438 313 4490 25
325 4435 362 4490 ad
379 4436 525 4505 Pcal.16;
544 4437 616 4492 adde
635 4437 751 4508 phocam
773 4438 805 4492 ire
822 4437 880 4494 eod.
903 4437 1042 4492 Beruensc'
1058 4438 1117 4490 224
1133 4436 1181 4504 sol.
1194 4433 1350 4490 20981211-

220 4521 306 4575 dima:
325 4522 448 4577 misteria
