3300 5142
349 531 411 596 180
770 527 918 598 Sulpicii
935 528 1051 582 Seueri

318 685 415 750 tluta
428 688 484 749 est.
508 687 645 750 ceterum
659 703 730 750 cum
745 683 788 748 sis
802 683 1020 762 scholasticus,
1042 684 1099 750 hoc
1118 685 1222 768 ipsum
1243 685 1330 766 quasi
1352 685 1474 750 schola-

347 788 443 853 sticus
467 788 631 852 artificiose
656 787 748 865 facis,
782 789 818 852 nt
846 805 970 852 excusos
996 788 1188 870 inperitiam,
1227 788 1301 870 quia
1326 788 1473 852 exuberas

347 891 528 972 eloquentia.
552 891 606 955 aod
631 909 728 972 neque
753 890 940 955 monachum
967 892 1032 954 tam
1058 891 1197 956 astutum
1221 909 1319 972 neque
1343 889 1471 956 Gallum

319 993 435 1059 odoret
444 1012 510 1058 esse
520 995 586 1058 tam
598 993 753 1058 callidum.
770 1012 880 1058 uerum
895 993 1059 1076 adgredere
1070 995 1172 1075 potius
1184 995 1216 1058 et
1227 993 1308 1074 quod
1322 995 1354 1057 te
1367 995 1473 1058 manet

346 1096 478 1179 explica:
493 1096 626 1160 nimium
640 1095 722 1160 enim
737 1095 856 1160 dudum
871 1095 947 1160 alias
962 1114 1009 1161 res
1025 1098 1150 1180 agentes
1165 1097 1374 1161 consumimus
1388 1098 1471 1160 tem-
1499 1113 1513 1150 θ

346 1218 420 1282 pus,
442 1199 475 1263 et
493 1199 558 1262 iam
578 1198 651 1263 solis
671 1198 789 1264 occidui
812 1198 924 1263 umbra
948 1198 1095 1280 prolixior
1114 1201 1234 1276 monet,
1257 1215 1318 1264 non
1337 1198 1471 1263 multum

319 1302 408 1366 ldiei
422 1301 525 1366 uicina
538 1303 628 1367 nocte
642 1320 806 1383 superesse.
830 1301 949 1366 Deinde
972 1320 1042 1366 cum
1062 1301 1224 1383 paululum
1244 1319 1350 1366 omnes
1372 1302 1471 1366 conti·

348 1405 532 1481 cuissomus,
547 1401 657 1468 Gallus
671 1404 717 1468 ita
732 1405 849 1487 coepit:
873 1405 1045 1470 canendum
1059 1404 1137 1468 mihi
1152 1405 1293 1487 inprimis
1309 1423 1374 1470 esse
1389 1404 1471 1469 arbi·

346 1509 426 1584 tror,
448 1526 487 1571 ne
500 1525 537 1571 ea
550 1507 588 1572 do
602 1507 730 1572 Martini
744 1506 917 1571 uirtutibus
934 1511 1086 1589 repetam
1102 1526 1180 1589 quae
1194 1507 1227 1572 in
1241 1507 1320 1572 libro
1335 1524 1389 1570 suo
1401 1505 1471 1571 Sol-

347 1610 445 1692 picius
458 1610 519 1674 iste
532 1610 725 1674 memorauit.
749 1609 831 1674 nude
852 1609 953 1691 prima
972 1610 1058 1674 illins
1073 1611 1155 1675 inter
1169 1610 1368 1674 militandum
1382 1611 1470 1692 gesta
1482 1623 1512 1664 ιο

347 1715 518 1795 praetereo,
532 1731 629 1794 nequo
644 1732 681 1777 ea
694 1713 870 1796 adtingam,
887 1731 965 1794 quae
978 1713 1076 1778 laicus
1091 1713 1156 1796 egit
1170 1731 1205 1777 ac
1220 1711 1402 1777 monachus:
1416 1731 1471 1777 noc

319 1819 419 1880 tuero
434 1815 541 1880 audita
555 1815 594 1879 ab
608 1813 678 1880 aliis
693 1833 787 1896 qnam
801 1833 879 1896 quae
895 1815 960 1878 uidi
975 1815 1040 1897 ipse
1055 1815 1195 1880 dicturus
1210 1833 1288 1880 sum.

637 2102 830 2188 (DIALOG
839 2103 891 2170 VS
912 2103 1184 2191 SECVNDVS).

320 2289 335 2352 Ι
390 2273 456 2354 Quo
470 2275 570 2358 primo
583 2276 681 2360 igitur
694 2277 831 2358 temporo
845 2276 961 2342 relictis
977 2275 1089 2341 scholis
1109 2276 1198 2342 beato
1218 2295 1268 2342 me
1289 2277 1355 2342 uiro
1376 2275 1472 2354 iunxi,

346 2395 458 2460 paucos
482 2381 552 2461 post
577 2380 642 2444 dies
667 2381 791 2444 euntem
816 2381 856 2444 ad
882 2379 1042 2444 ecclesiam
1057 2380 1268 2462 sequebamur.
1292 2379 1417 2444 interim
1444 2379 1512 2444 eire

347 2481 524 2546 seminudus
538 2481 673 2546 hibernis
687 2481 845 2546 mensibus
859 2501 974 2566 pauper
988 2483 1134 2560 occurrit,
1168 2502 1256 2548 orans
1283 2481 1345 2546 sibi
1373 2481 1472 2548 uesti-

319 2585 488 2653 2mentum
502 2583 578 2648 dari.
601 2585 675 2648 tunc
689 2583 743 2648 ille
757 2584 902 2650 arcessito
914 2585 1124 2650 archidiacono
1134 2585 1226 2650 iussit
1237 2583 1391 2668 algentem
1404 2585 1470 2648 sine

347 2685 494 2750 dilatione
508 2687 632 2776 uestiti:
654 2687 725 2751 dein
739 2687 938 2752 secretarium
952 2688 1123 2772 ingressus,
1146 2707 1216 2752 cum
1230 2687 1328 2766 solue,
1351 2689 1387 2751 ut
1403 2689 1471 2750 erat

348 2789 549 2867 consuetudo,
572 2790 718 2854 resideret
729 2789 859 2855 -hanc
873 2791 956 2854 onim
971 2791 1030 2854 sibi
1045 2791 1140 2857 etiam
1155 2792 1188 2856 in
1208 2789 1339 2856 ecclesia
1361 2789 1473 2855 solitu-

348 2891 452 2955 dinem
465 2893 614 2972 permissa
628 2891 747 2957 clericis
760 2891 905 2958 libertate
919 2893 1110 2975 praestabat,
1133 2913 1202 2958 oum
1217 2893 1341 2975 quidem
1357 2893 1389 2958 in
1404 2891 1467 2957 alio
1483 2915 1511 2957 ao

348 2995 510 3060 semetario
535 2995 705 3078 presbyteri
731 2996 885 3074 sederent,
907 2995 958 3060 uel
984 2995 1220 3061 salutationibus
1245 2996 1390 3060 uacantes
1417 2995 1470 3059 uel

349 3097 508 3163 audiendis
523 3097 654 3182 negotiis
669 3099 823 3180 occupati:
838 3097 1009 3163 Martinam
1023 3115 1095 3163 uero
1110 3099 1253 3180 usquein
1267 3118 1335 3164 eam
1351 3093 1471 3175 ho'ram,

349 3219 410 3284 qua
434 3201 594 3266 sollemnia
618 3201 728 3283 populo
753 3201 805 3285 agi
831 3201 1016 3266 consuetudo
1041 3201 1230 3283 deposceret,
1253 3219 1309 3266 sna
1335 3199 1469 3266 solitudo

321 3303 518 3371 eoohibebat.
542 3304 621 3369 illud
635 3323 695 3369 non
713 3303 899 3385 praeteribo,
922 3303 1002 3386 qnod
1022 3303 1054 3367 in
1075 3303 1237 3369 secretario
1252 3303 1358 3368 sedens
1373 3322 1466 3368 num-

349 3425 443 3488 quam
457 3407 602 3472 cathedra
616 3425 689 3471 usus
703 3409 765 3472 est:
787 3426 861 3471 nam
886 3406 919 3470 in
944 3405 1071 3471 ecclesia
1095 3425 1184 3472 nemo
1210 3425 1359 3488 umquam
1378 3405 1470 3470 illum
1481 3429 1507 3471 a

350 3509 452 3573 sedere
467 3510 637 3592 conspexit,
660 3511 741 3574 sicut
765 3509 919 3592 quendam
944 3527 1054 3590 nuper,
1078 3513 1174 3574 testor
1188 3511 1305 3587 Deum,
1327 3527 1386 3574 non
1406 3509 1473 3574 aine

404 3715 419 3770 1
438 3714 592 3768 scolasticus
608 3713 675 3781 (bie)
692 3713 750 3768 AF
769 3715 781 3782 ΙΙ
804 3713 893 3782 quasi]
913 3727 995 3781 quare
1015 3712 1053 3766 sis
1077 3713 1103 3768 V
1120 3713 1180 3782 (boc
1197 3713 1284 3783 ipsum
1296 3743 1329 3752 -
1341 3711 1467 3766 scholast.

252 3844 254 3849 .
350 3800 424 3856 decet
435 3802 467 3855 ia
478 3799 518 3853 ed.
532 3800 566 3853 dc
578 3801 676 3868 Proto)
732 3799 751 3855 2
768 3798 815 3868 qui
831 3799 858 3854 V
876 3801 889 3867 ΙΙ
910 3798 1037 3853 exuberas
1048 3799 1218 3855 ABF'MV:
1236 3813 1375 3868 exsuperas
1387 3799 1419 3853 F
1424 3813 1471 3866 pr.

350 3905 383 3942 aa
397 3894 451 3942 eta
501 3891 519 3940 7
535 3886 600 3955 diei]
612 3886 644 3939 de
655 3885 768 3954 AFQV
816 3883 835 3941 9
854 3884 980 3954 sulpitius
992 3885 1023 3938 F
1084 3885 1122 3942 10
1138 3885 1208 3940 inter
1221 3883 1391 3939 militandum
1403 3883 1470 3938 AV:

351 3973 460 4028 interim
479 3971 620 4026 militando
640 3971 801 4040 (meditando
821 3971 852 4024 F
869 3972 951 4041 corr.)
968 3969 1024 4040 ΡΟ
1075 3971 1112 4028 12
1130 3986 1210 4039 quam
1232 3972 1271 4027 V:
1288 3973 1469 4040 potiusquam

230 4068 234 4075 '
351 4061 422 4116 ase
443 4062 457 4129 11
479 4059 605 4128 ldetpla'cit
615 4059 684 4112 leber
693 4057 832 4111 eomedas
842 4057 910 4122 Alo
928 4057 960 4110 ia
971 4056 1029 4111 BV
1037 4057 1126 4110 oratio
1133 4057 1226 4126 pergit
1237 4057 1297 4111 sine
1307 4057 1366 4110 alla
1377 4057 1464 4110 iotae

350 4148 480 4215 saeptione
532 4145 696 4214 ltprimum
705 4142 770 4196 ΒΜ
779 4144 793 4210 ll
809 4141 958 4196 scolisAF
1008 4141 1044 4198 17
1062 4142 1188 4196 arcessito
1200 4141 1267 4198 AV:
1280 4142 1406 4196 arcersito
1415 4141 1463 4204 1⁵¹¹,

351 4232 479 4286 accersito
487 4231 592 4286 Fcorr.
640 4229 677 4286 18
688 4227 867 4297 dandam
882 4229 895 4296 11
911 4230 970 4281 erat
985 4228 1020 4282 V:
1034 4227 1230 4283 erctilliAFo
1275 4227 1432 4284 lOclerecis
1446 4225 1475 4280 V

403 4318 441 4376 21
459 4315 606 4372 residerent
617 4316 644 4371 A
706 4315 744 4370 22
762 4313 901 4368 audientes
912 4313 943 4368 F
948 4330 992 4382 pr.
1005 4331 1038 4367 m.
1062 4316 1074 4382 11
1096 4313 1212 4368 martino
1228 4314 1254 4369 V
1314 4314 1352 4372 23
1369 4318 1423 4384 qua
1434 4313 1469 4378 F,

352 4420 420 4474 quae
435 4404 461 4458 V
474 4405 486 4471 11
502 4402 594 4472 populi
606 4401 665 4456 edd.
679 4400 829 4468 coonplurcs
890 4399 927 4456 26
945 4399 1023 4453 deum
1034 4401 1154 4455 ABFM
1155 4401 1186 4455 V:
1198 4400 1360 4456 dominumo
1380 4402 1392 4468 ΙΙ
1412 4399 1471 4455 sine

356 4490 393 4545 V:
411 4491 537 4543 ainemao
548 4487 620 4542 axv
