3300 5142
348 524 390 589 86
754 520 896 574 Firmiei
918 521 1061 575 Materni

347 678 439 744 caret.
462 678 544 742 hunc
563 677 656 741 finem
680 676 784 741 Liberi
799 676 968 773 Homerus,
997 678 1032 741 ut
1054 675 1162 760 fugem
1184 678 1216 741 et
1236 628 1481 761 trepidationem

347 781 505 865 detegeret
514 780 546 846 et
560 780 596 845 ut
610 779 784 845 ostenderet
798 781 949 859 mortem,
966 780 1031 845 ait:

783 891 947 975 Διώνυσος
969 898 1005 964 δὲ
1027 897 1190 988 φοβηθεὶς

448 992 571 1069 δύσεθ’
595 996 675 1079 ἁλὸς
696 996 780 1066 κατὰ
802 1002 896 1086 κῦμα·
913 1001 1010 1080 Θέτις
1032 992 1066 1067 ‹l’
1089 996 1271 1081 ὑπεδέξατο
1293 996 1407 1087 κόλπῳ

449 1098 775 1191 circadae-weda
796 1099 855 1191 γὰρ
877 1100 947 1185 ἔχεν
969 1098 1087 1192 τρόμος
1109 1095 1223 1193 ἀνδρὸς
1245 1099 1377 1192 ὁμοκλῇ.
1505 1126 1522 1165 s

317 1228 490 1302 cimitatur
503 1228 550 1305 te,
565 1228 722 1310 Lycurge,
738 1226 770 1290 et
784 1226 922 1290 sobrium
937 1226 1118 1291 institutum
1130 1228 1221 1290 tuum
1237 1226 1377 1308 sequitur
1391 1244 1450 1291 nec
1464 1246 1483 1291 a

346 1330 535 1395 salutaribus
551 1330 614 1393 tuis
629 1329 752 1413 legibus
767 1328 919 1393 exorbitet
936 1329 1031 1394 etiam
1047 1329 1153 1394 consul
1167 1330 1271 1394 noster
1286 1330 1481 1393 Postumius,

346 1452 430 1511 nam,
446 1433 527 1497 sicut
540 1434 573 1497 in
588 1432 677 1498 libris
692 1432 854 1497 annalibus
869 1431 1059 1511 iuuenimus,
1072 1432 1347 1497 Bacchanaliorum
1363 1433 1482 1498 scelera

348 1537 483 1601 Aebutio
498 1536 630 1619 quodam
646 1536 839 1601 adulescente
854 1534 1008 1601 deserente
1024 1535 1144 1600 detecta
1159 1537 1241 1600 sunt.
1274 1538 1360 1601 erant
1378 1536 1483 1601 adhuc
1613 1589 1614 1627 p

347 1641 381 1704 iu
392 1640 571 1705 urbeRoma
581 1640 695 1724 integri
707 1658 806 1705 mores
817 1659 873 1704 nec
884 1638 1047 1721 quisquam
1058 1638 1235 1723 peregrinas
1246 1639 1481 1722 superstitiones
1491 1664 1519 1702 ro
1613 1636 1614 1645 ’

348 1744 507 1808 dissolutis
527 1743 665 1808 moribus
688 1743 861 1826 appetebat.
884 1743 958 1808 tunc
981 1760 1036 1809 nec
1052 1744 1176 1808 senatus
1192 1742 1311 1807 consuli
1327 1762 1383 1807 nec
1395 1743 1481 1827 leges

348 1846 548 1929 reipublicae
569 1866 624 1911 nec
639 1846 744 1912 consul
760 1846 883 1930 legibus
899 1845 1014 1925 defuit,
1036 1846 1089 1910 sed
1110 1845 1308 1929 inuestigatis
1335 1845 1481 1910 omuibus

349 1950 402 2034 qui
413 1949 505 2014 huius
517 1950 594 2013 sacri
606 1948 753 2014 scelerata
763 1950 939 2013 commenta
950 1948 1113 2013 tradebant
1124 1949 1230 2013 contra
1245 1965 1350 2012 omnes
1363 1967 1481 2025 seuero,

349 2053 445 2117 immo
456 2053 592 2117 Romano
604 2052 791 2134 quaestionis
807 2052 945 2116 examine
958 2051 1099 2134 capitalis
1114 2068 1212 2134 poena
1227 2051 1264 2115 de
1276 2051 1398 2116 consilii
1411 2070 1481 2116 sen·

348 2155 448 2220 tentia
468 2155 589 2220 demota
604 2156 666 2233 est,
686 2174 743 2219 noc
758 2156 824 2219 tam
844 2155 899 2218 diu
920 2154 1058 2220 uindices
1079 2154 1177 2238 gladii
1199 2154 1332 2219 consulis
1353 2156 1517 2237 conqui-rs

349 2260 449 2335 eruut,
465 2277 558 2340 quam
573 2258 627 2322 diu
638 2258 695 2322 hoe
707 2258 827 2323 malum
842 2256 953 2322 fuisset
968 2257 1116 2322 radicitus
1129 2257 1334 2340 amputatum.
1351 2276 1370 2321 o
1386 2258 1483 2342 digna

348 2361 481 2426 Romani
497 2360 630 2425 nominis
646 2360 887 2425 animaduersio!
916 2361 1065 2442 opriscae
1086 2359 1215 2425 uirtutis
1237 2362 1394 2427 laudanda
1409 2380 1482 2426 con-

350 2463 480 2530 stantia!
495 2484 552 2528 nec
562 2463 682 2528 ciuibus
694 2465 758 2528 suis
770 2464 877 2527 consul
891 2482 1013 2545 parcere
1024 2463 1134 2541 uoluit,
1151 2482 1222 2528 cum
1234 2464 1271 2529 ob
1287 2466 1483 2549 purgandam

249 2568 484 2650 r01.u.patriam
504 2569 508 2649 1
528 2567 688 2650 peregriua
704 2566 784 2631 uitia
799 2566 1003 2650 corriguntur.

322 2674 340 2737 7
394 2668 539 2751 Sequitur
558 2668 638 2734 hanc
657 2669 735 2733 sacri
757 2670 969 2752 contagionem
993 2648 1182 2733 e‘timitatur
1202 2668 1341 2733 ordinem
1363 2668 1520 2734 funeriseo

350 2792 370 2836 a
384 2770 491 2836 Cerere
505 2772 662 2836 Hennensi
676 2771 805 2837 muliere
827 2790 908 2835 mors
932 2770 1013 2836 filiae
1034 2773 1215 2837 consecrata.
1244 2792 1319 2836 nam
1334 2772 1484 2854 quiequid

349 2876 383 2940 in
394 2873 486 2940 Creta
499 2875 587 2956 pater
601 2875 681 2939 circa
694 2874 796 2938 filium
811 2875 934 2952 fecerat,
950 2874 1007 2939 hoc
1021 2874 1123 2939 totum
1139 2873 1228 2939 Ceres
1240 2876 1323 2957 apud
1336 2874 1484 2939 Hennam

350 2978 464 3043 amissa
478 2977 545 3041 filio
559 2977 755 3061 impatientia
776 2978 909 3042 materni
932 2977 1046 3042 doloris
1062 2976 1215 3042 instituit:
1232 2977 1313 3059 quod
1329 2980 1483 3060 quatenus

350 3081 467 3146 lactum
479 3081 521 3145 sit
532 3080 618 3145 breui
630 3100 768 3145 sermone
778 3080 995 3164 perstringam.
1009 3080 1132 3145 unicam
1141 3079 1258 3145 Cereris
1267 3080 1377 3159 filiam,
1387 3100 1483 3163 quam

351 3183 458 3249 Graeci
465 3182 673 3261 Ρ111111111111,
688 3184 786 3248 nostri
801 3182 968 3247 immutato
984 3202 1122 3248 sermone
1129 3182 1346 3265 Proserpinam
1361 3184 1522 3261 dicuntae

350 3286 389 3351 ad
412 3286 571 3369 coniugale
586 3286 774 3350 consortium
789 3286 894 3368 plures
908 3286 1063 3367 petebant.
1090 3288 1191 3351 mater
1206 3285 1340 3349 sollicita
1361 3286 1400 3351 de
1415 3288 1482 3351 sin·

351 3389 495 3473 gulorum
506 3388 628 3453 meritis
638 3388 805 3467 iudicabat,
818 3389 850 3453 et
861 3406 933 3454 oum
943 3389 1043 3453 adhuc
1054 3389 1195 3453 omnibus
1207 3388 1318 3453 matris
1329 3389 1461 3453 sentmt'

351 3492 508 3556 uideretur
522 3491 653 3571 incerte,
669 3490 756 3555 diues
768 3492 917 3571 motione,
941 3492 989 3556 cui
1005 3492 1129 3574 propter
1141 3492 1269 3556 diuitias
1285 3492 1401 3557 Pluton
1419 3492 1484 3557 fuit

349 3613 475 3671 nomen,
492 3594 652 3657 temerario
668 3593 847 3675 cupiditatis
873 3594 994 3673 ardore,
1018 3613 1089 3659 oum
1106 3612 1207 3659 moras
1224 3594 1384 3660 dilationis
1401 3594 1484 3659 ferre

455 3797 471 3851 1
488 3796 562 3861 116,
577 3796 641 3855 135.

402 3988 462 4040 lut
474 3988 501 4039 et
512 3985 604 4054 fugem
617 3986 645 4037 et
662 3987 729 4054 trep.
749 3986 777 4039 P
851 3986 869 4043 3
883 3990 1033 4041 ΦΟΒΗΘΙ
1036 3988 1058 4043 0
1069 3988 1201 4043 ΔΥΟΕΝ
1211 3986 1239 4041 Ρ
1298 3988 1318 4044 4
1330 3992 1485 4043 ΚΟΛΙΠω

351 4073 379 4128 Ρ
430 4073 449 4130 5
466 4076 574 4124 ΕΧΕΝ
581 4071 619 4124 P:
633 4069 678 4140 ἔχε
687 4070 747 4123 edd.
758 4070 812 4138 (cd.
824 4072 914 4140 princ.
929 4088 1026 4127 aereus
1038 4072 1185 4127 admodum
1198 4080 1342 4142 corruptos
1353 4074 1447 4143 tabet)

403 4158 421 4214 6
439 4156 598 4210 institutum
609 4156 687 4209 tuum
696 4156 734 4210 P:
748 4158 825 4210 tuum
838 4157 996 4213 institutum
1006 4158 1065 4212 cdd.
1132 4159 1150 4215 8
1162 4159 1240 4213 libris
1251 4160 1289 4214 P:
1303 4160 1378 4213 Liuii
1390 4160 1416 4215 J.
1428 4161 1482 4215 Fr.

355 4244 514 4301 Grououiue
533 4244 545 4309 ΙΙ
566 4240 783 4295 bachanaliorum
795 4244 822 4296 P
879 4244 897 4299 9
915 4244 992 4297 butio
1004 4244 1043 4309 P,
1062 4244 1161 4298 Ebutio
1173 4262 1192 4298 a
1245 4244 1278 4301 13
1297 4262 1403 4299 seueros
1415 4248 1484 4314 (ser-

350 4348 398 4386 noo
410 4331 438 4399 a)
449 4329 531 4381 immo
539 4328 721 4394 romanosPa,
733 4343 781 4381 cm.
793 4329 920 4383 Bursian
974 4330 1011 4386 14
1029 4330 1134 4383 consilii
1147 4332 1189 4385 P:
1206 4334 1343 4385 conctusa
1393 4332 1427 4387 17
1441 4350 1485 4386 ro-

350 4416 424 4471 ruuni
436 4412 538 4467 nomini
549 4412 589 4479 P,
603 4428 650 4466 cm.
664 4412 803 4478 Bursian,
816 4412 934 4469 Romano
947 4416 1052 4470 nomine
1065 4432 1083 4468 a
1144 4416 1179 4473 18
1196 4418 1264 4486 cum]
1278 4418 1371 4472 malim
1384 4418 1448 4473 dum

351 4504 390 4561 22
409 4501 479 4557 circa
491 4499 528 4552 P:
548 4496 612 4551 obo
675 4497 711 4553 23
730 4502 966 4567 quoquatorrusP
1029 4501 1067 4558 26
1086 4500 1231 4557 sollicitae
