3300 5142
530 507 611 562 Vita
628 509 654 564 S.
672 509 813 563 Martini
831 525 852 565 c.
873 511 991 567 12-14.
1259 505 1320 571 123

199 661 290 726 turha
310 663 474 740 consensit,
505 662 685 746 facilemque
704 665 820 731 arboris
840 684 913 732 suae
940 663 1072 730 habuere
1098 664 1263 737 iacturam,
1292 659 1320 723 Si

199 763 359 829 inimicum
380 783 533 830 sacrorum
559 785 684 834 suerum
709 786 780 834 casu
801 768 887 833 illius
912 767 1091 833 obruissent.
1120 767 1225 847 itaque
1249 775 1349 831 cumo

198 885 292 932 unam
306 867 339 932 iu
353 867 472 949 partem
486 869 577 951 pinus
602 869 658 936 illa
686 872 766 936 esset
795 871 939 948 adclinis,
961 872 1073 935 utnon
1086 869 1166 933 esset
1180 866 1320 942 dubium,

198 989 290 1052 quam
305 971 338 1034 in
352 972 471 1052 partem
485 973 602 1038 succisa
616 975 781 1051 corrueret,
818 992 854 1039 ee
863 973 868 981 “
878 973 938 1038 leci
957 973 1079 1038 uinctus
1098 970 1246 1036 statuitur
1266 985 1333 1049 pro·

176 1072 325 1138 sarbitrie
345 1074 546 1153 rusticorum,
569 1094 629 1158 quo
644 1077 784 1140 arborem
803 1095 869 1141 esse
889 1093 1028 1142 casuram
1042 1092 1131 1140 neme
1146 1071 1319 1138 dubitabat.

198 1176 351 1242 succidere
366 1177 463 1260 igitur
477 1177 537 1259 ipsi
552 1197 641 1243 suam
656 1179 764 1261 pinum
784 1198 855 1244 cum
874 1179 993 1263 ingenti
1014 1177 1127 1262 gaudio
1140 1175 1348 1256 laetitiaquet

197 1279 367 1360 coeperunt.
406 1279 510 1344 aderat
539 1281 658 1346 eminus
686 1283 779 1347 turba
807 1281 997 1347 mirantium.
1019 1282 1142 1362 iamque
1169 1276 1320 1360 paulatim

197 1382 304 1447 nutare
324 1381 413 1463 pinus
434 1384 466 1447 et
485 1384 606 1448 ruinam
627 1403 715 1450 suam
735 1403 841 1450 casura
855 1384 1002 1450 minitari.
1026 1383 1182 1466 pallebant
1201 1380 1349 1445 eminus‘l

198 1485 337 1550 monaehi
351 1487 383 1549 et
396 1485 530 1567 periculo
546 1485 609 1551 iam
624 1488 762 1570 propiore
787 1488 945 1552 conterriti
964 1505 1051 1569 spem
1070 1504 1192 1550 emnem
1211 1483 1320 1548 fidem·

161 1614 188 1654 10
197 1606 254 1669 que
268 1588 476 1669 perdiderant,
500 1589 597 1654 selam
611 1590 739 1656 Martini
753 1592 886 1655 mertem
900 1589 1100 1672 expectantes.
1129 1589 1162 1653 at
1182 1586 1235 1667 ille
1250 1589 1350 1650 con-8

196 1689 269 1756 fisus
298 1691 331 1756 in
358 1691 491 1756 Domino
519 1691 689 1774 intrepidus
719 1693 892 1776 opperiens,
915 1711 986 1758 eum
1006 1692 1070 1758 iam
1099 1690 1252 1773 fragorem
1272 1687 1320 1753 sui

195 1793 285 1876 pinus
300 1795 458 1860 concidens
472 1794 637 1873 edidisset,
661 1795 724 1860 iam
739 1797 876 1874 cedenti,
898 1796 962 1860 iam
976 1813 1066 1877 super
1080 1812 1112 1858 se
1126 1791 1244 1870 ruenti,
1258 1789 1321 1855 ele·

195 1899 268 1962 uate
287 1897 411 1961 obuiam
432 1916 540 1974 mauu,
571 1897 696 1981 signum
716 1899 827 1964 salutis
846 1898 980 1980 opponit.
1002 1899 1072 1962 tum
1092 1913 1163 1961 uero
1178 1931 1220 1941 —
1234 1891 1322 1957 uelut

194 1999 327 2064 turbinis
356 1999 445 2064 mede
475 2002 555 2065 retro
585 2003 687 2064 aetam
708 2002 832 2083 putares
843 2037 884 2049 -
897 2001 1052 2064 diuersam
1066 1999 1099 2063 in
1113 1999 1233 2080 partem
1245 1995 1320 2073 ruit,

160 2101 269 2166 raadee
297 2103 333 2165 ut
358 2103 502 2181 rusticos,
525 2103 578 2185 qui
593 2104 661 2167 tute
676 2104 709 2168 in
728 2103 794 2168 leco
814 2104 976 2180 steterant,
998 2119 1091 2184 paene
1111 2097 1319 2182 prostrauerit.

194 2205 264 2268 tum
288 2222 359 2269 uere
384 2205 416 2270 in
443 2206 562 2270 caelmn
588 2207 719 2272 elamore
740 2207 861 2271 sublate
881 2205 1012 2290 gentiles
1026 2205 1147 2286 stupere
1160 2199 1347 2274 miraculus

194 2307 334 2372 monachi
348 2307 419 2372 llere
433 2327 504 2390 prae
519 2308 647 2392 gaudie,
670 2308 784 2374 Christi
807 2327 918 2374 nemen
937 2309 970 2372 in
990 2323 1152 2373 commune
1165 2304 1204 2368 ab
1218 2302 1319 2366 emni-

194 2409 252 2474 bus
280 2411 462 2492 praedicari:
495 2411 630 2496 satisque
656 2412 795 2477 constitit
821 2430 856 2476 eo
885 2411 935 2476 die
959 2410 1092 2475 salutem
1120 2407 1169 2472 illi
1200 2405 1319 2470 uenisse

194 2511 320 2596 regioni.
343 2531 416 2578 nam
430 2531 518 2580 nemo
533 2512 596 2580 fere
611 2533 646 2578 ex
660 2514 777 2592 inmani
792 2515 848 2580 illa
859 2513 1059 2578 multitudine
1070 2509 1235 2596 gentilium
1247 2507 1318 2584 fuit,

160 2615 248 2697 oqui
263 2633 323 2680 nen
348 2615 543 2697 impositione
563 2635 671 2682 manus
691 2617 862 2682 desiderata
880 2617 1051 2682 Dominum
1071 2616 1191 2691 Iesum,
1212 2611 1319 2675 relicto

170 2721 172 2728 ’
195 2717 363 2798 impietatis
378 2737 490 2797 errore,
513 2719 683 2785 crediderit.
707 2721 738 2784 et
751 2739 821 2785 uere
836 2721 907 2784 aute
921 2719 1091 2784 Martiuum
1105 2716 1194 2800 pauci
1212 2715 1319 2780 admo·

195 2819 284 2897 dum,
308 2821 403 2885 imme
424 2839 516 2903 paene
536 2821 616 2886 nulli
636 2822 668 2886 iu
688 2821 752 2886 illis
771 2822 947 2906 regionibus
970 2821 1084 2885 Christi
1105 2839 1215 2885 nomen
1236 2837 1320 2884 reee-

195 2924 315 3004 peraut:
337 2924 417 3006 qued
432 2925 506 2988 adee
521 2925 691 2990 uirtutibus
706 2925 791 2989 illius
806 2925 1003 3007 exemploque
1018 2922 1189 3000 conualuit,
1204 2924 1242 2987 ut
1254 2923 1319 2986 iam

195 3025 240 3091 ibi
254 3025 358 3090 nullus
372 3027 456 3092 locus
471 3027 528 3104 sit,
550 3030 604 3109 qui
618 3045 678 3092 nen
693 3029 747 3092 aut
761 3026 896 3092 eeclesiis
911 3025 1168 3109 frequentissimis
1182 3026 1237 3090 aut
1250 3041 1319 3088 mo·

161 3129 336 3194 ranasteriis
351 3129 393 3193 sit
406 3130 549 3211 repletus.
573 3149 645 3194 nam
665 3130 720 3195 ubi
740 3129 811 3195 iana
840 3130 1040 3207 destruxerat,
1067 3128 1174 3193 statim
1195 3127 1239 3192 ibi
1265 3127 1320 3191 aut

194 3231 334 3296 emlesias
356 3233 411 3296 aut
425 3233 609 3298 monasteria
623 3232 826 3298 construebat.

237 3333 301 3398 Nee
315 3335 465 3400 minorem
480 3335 536 3400 sub
552 3335 635 3400 idem
656 3335 718 3400 fere
733 3337 856 3416 tempus
879 3336 985 3400 eedem
1005 3334 1038 3399 in
1063 3319 1150 3416 opere
1170 3331 1320 3396 uirtutem
1333 3333 1373 3397 ll
1425 3401 1430 3415 ,

194 3435 301 3502 edidit.
323 3455 396 3500 narn
407 3455 477 3502 cum
488 3439 521 3504 iu
532 3438 601 3503 uice
616 3439 748 3520 quedam
763 3437 834 3504 lano
848 3437 1065 3521 antiquissimo
1079 3438 1112 3501 et
1125 3436 1321 3501 celeberrimo

194 3539 298 3623 iguem
327 3539 509 3619 inmisisset,
544 3541 576 3605 in
605 3541 792 3622 proximam,
826 3541 924 3605 immo
952 3540 1166 3604 adhaerentem
1196 3539 1323 3602 demum

245 3761 488 3817 lceuseutitAFo
530 3762 618 3820 2eum
627 3763 796 3830 caunac
840 3760 929 3818 lleci
942 3761 978 3816 V:
990 3759 1124 3815 lueoAFe
1171 3757 1327 3826 litaqueF

243 3844 437 3919 ScasurdFs.
449 3847 465 3901 1.
476 3851 545 3902 m.2
568 3849 580 3916 ll
603 3847 725 3900 minitari
736 3846 865 3917 eoepitF
919 3845 1042 3904 lones
1096 3845 1175 3903 iliu
1190 3842 1326 3897 domiuum

196 3929 232 4000 V,
242 3938 272 3986 ut
280 3950 306 3984 a.
318 3949 431 4000 saeptae.
440 3936 514 4002 12,4
532 3935 544 4001 ΙΙ
561 3933 717 4002 operiensA
734 3935 746 4002 ll
763 3932 806 3986 eui
816 3933 922 3986 Fcorr.
937 3948 1009 3997 csue
1020 3937 1052 3985 at
1063 3931 1177 3985 usitetur
1224 3927 1260 3983 12
1270 3927 1326 3980 iam

191 4017 279 4087 super]
297 4021 325 4071 et
339 4035 418 4088 super
430 4017 467 4088 V,
488 4017 536 4072 aed
548 4021 575 4072 et
588 4021 619 4072 tn
635 4034 690 4072 ras.
711 4035 798 4072 mana
809 4019 927 4086 amiqua
946 4020 959 4086 ll
979 4017 1068 4070 eleuat
1084 4031 1107 4069 o.
1123 4030 1229 4068 manum
1243 4011 1326 4082 AFQ

243 4101 280 4158 13
292 4102 367 4157 uelut
380 4103 417 4157 V:
427 4120 476 4158 ocra
490 4103 563 4158 AFu
616 4103 652 4162 15
665 4105 724 4157 tutu
733 4103 817 4158 leceu
833 4105 845 4171 ΙΙ
862 4105 1035 4156 steteraut—
1044 4117 1146 4170 semper
1155 4101 1193 4167 (p.
1207 4101 1325 4169 11111)

190 4185 289 4242 desunt
301 4190 332 4242 in
348 4189 442 4243 Vana
454 4189 553 4244 scheda
565 4191 665 4243 amase
739 4187 776 4246 18
796 4187 941 4242 eonstatB
1001 4185 1040 4243 20
1060 4185 1257 4254 impositionem
1269 4199 1325 4236 ma·

189 4289 271 4328 uuum
291 4272 454 4329 desideraret
475 4277 503 4330 ct
523 4274 629 4329 domino
649 4273 715 4328 Jesu
736 4275 763 4328 B
828 4273 867 4330 24
884 4270 1115 4341 frequentissimus
1128 4270 1208 4340 deit,
1226 4285 1274 4323 ona
1289 4267 1325 4320 Μ

242 4359 279 4416 29
298 4360 434 4415 iniecisset
446 4360 511 4414 ΒΜ
528 4361 541 4429 ΙΙ
564 4361 656 4414 malim
675 4361 702 4413 in
715 4359 903 4414 adhaerentem
915 4357 1034 4422 demum,
1053 4373 1114 4434 cram
1131 4357 1218 4410 uerba
1235 4353 1323 4424 presi-

188 4460 259 4499 mam
272 4445 353 4500 imme
364 4446 480 4516 plescum
493 4447 606 4514 supleat
