3300 5142
534 1255 768 1396 svnsrou
790 1254 991 1356 suusne

467 1445 612 1544 cus
637 1445 668 1542 o
689 1445 728 1543 n
749 1445 769 1542 1
791 1445 820 1544 o
839 1447 871 1544 o
892 1446 926 1542 e
946 1446 1049 1544 vn

610 1669 736 1734 LIBER
758 1669 916 1735 PRIMVS

235 1806 301 1902 Res
327 1839 473 1905 emundi
500 1838 621 1904 exordio
648 1841 741 1905 sacris
762 1841 875 1905 litteris
901 1841 998 1906 editas
1019 1843 1153 1908 breuiter
1174 1842 1351 1910 constris-1

193 1958 264 2026 gere
279 1942 396 2006 etcum
412 1941 607 2006 distinctione
622 1943 794 2022 temporum
812 1959 909 2023 usque
929 1942 968 2006 ad
988 1945 1123 2008 nostram
1144 1943 1325 2008 memoriam

78 2101 90 2123 ,
193 2043 325 2125 carptim
340 2044 439 2108 dicere
454 2061 615 2126 aggressus
632 2061 715 2120 sum,
738 2043 849 2108 multis
864 2044 896 2108 id
911 2064 929 2109 a
943 2063 993 2109 me
1007 2046 1039 2110 et
1053 2045 1187 2110 studiose
1202 2045 1322 2130 efflagi-

192 2145 346 2224 tantibus,
365 2145 418 2228 qui
433 2145 538 2210 diuina
553 2144 763 2227 compendiosa
777 2145 905 2210 lectione
920 2165 1096 2231 cognoscere
1110 2149 1322 2230 properabant,

171 2264 321 2329 equorum
337 2265 392 2332 ogo
413 2248 606 2314 uoluntatem
624 2248 744 2311 secutus
758 2265 818 2312 non
833 2248 952 2330 peperci
966 2249 1064 2314 labori
1078 2267 1161 2328 msc,
1183 2249 1257 2332 quin
1278 2263 1352 2327 ea,2

201 2369 278 2432 quae
297 2351 459 2432 permultis
473 2350 683 2416 uoluminibus
697 2350 864 2432 perscripta
881 2350 1126 2429 continebantur,
1150 2351 1268 2416 duobus
1282 2351 1323 2416 li·

198 2452 287 2516 bellis
309 2452 533 2532 concluderem,
561 2453 606 2518 ita
627 2452 771 2518 breuitati
794 2453 933 2531 studens,
956 2455 992 2517 ut
1013 2472 1107 2536 paene
1127 2455 1207 2519 nihil
1227 2454 1324 2539 gestis

196 2555 402 2620 subduxerim.
425 2555 529 2620 uisum
544 2557 648 2620 autem
662 2554 740 2620 mihi
755 2558 802 2620 est
816 2574 876 2620 non
890 2556 1072 2634 absurdum,
1089 2576 1159 2622 cum
1174 2575 1270 2640 usque
1284 2556 1351 2623 ad3

196 2656 310 2722 Christi
325 2677 444 2723 crucem
450 2658 725 2740 apostolorumque
740 2659 826 2723 actus
841 2677 894 2740 per
909 2677 1025 2724 sacram
1039 2659 1200 2724 historiam
1215 2677 1323 2724 cueur-

159 2761 318 2842 tulissem,
339 2761 434 2826 etiam
448 2762 519 2843 post
532 2762 619 2844 geste
634 2763 802 2825 conectere:
818 2761 970 2825 excidium
986 2762 1217 2846 Hierosolymae
1232 2780 1322 2826 uera-

194 2865 350 2946 tionesque
378 2863 482 2946 populi
511 2862 676 2928 Christiani
704 2865 736 2928 et
762 2882 833 2928 mor
859 2865 942 2946 pacis
965 2865 1115 2947 tempora,
1144 2884 1178 2930 ac
1199 2883 1322 2928 mrsum

195 2968 390 3033 eeclesiarum
404 2965 559 3031 intestinis
574 2965 717 3046 periculis
737 2967 862 3031 turbata
882 2967 984 3031 omnia
998 2967 1165 3032 locuturus.
1188 2967 1352 3036 ceterom4

195 3071 274 3136 illud
288 3089 348 3137 non
362 3070 481 3154 pigebit
496 3069 601 3148 fateri,
624 3087 688 3147 me,
701 3063 814 3134 'sicubi
829 3069 908 3133 ratio
922 3070 1037 3153 eregit,
1054 3070 1093 3134 ad
1108 3069 1323 3154 distinguenda

195 3176 333 3257 tempora
355 3173 648 3254 continuandamque
670 3171 778 3236 seriem
801 3190 892 3236 usum
915 3191 978 3236 esse
1000 3172 1154 3236 historicis
1180 3171 1322 3261 mundia-

162 3277 278 3343 1⁵libus
299 3278 390 3359 atque
412 3295 448 3340 er
469 3275 533 3354 his,
557 3293 632 3358 quac
655 3275 693 3340 ad
715 3275 961 3356 supplementum
983 3275 1166 3359 cognitionis
1189 3275 1321 3352 deerant,

195 3398 370 3463 usurpasse,
405 3380 441 3443 ut
466 3380 496 3442 et
521 3378 680 3461 imperitos
706 3378 844 3442 docerem
870 3380 901 3442 et
926 3378 1078 3442 litteratos
1103 3378 1320 3442 conumeerem.

194 3485 407 3549 uemmtamon
429 3501 463 3546 ea
485 3500 561 3564 quae
583 3482 620 3546 de
642 3480 734 3545 sacris
749 3481 958 3545 uoluminibus
973 3481 1112 3546 breuiata
1126 3481 1321 3565 digessimus,
1333 3463 1374 3539 5⁸

195 3586 313 3651 nonita
333 3585 506 3669 legentibus
528 3586 633 3649 auctor
653 3583 845 3664 accesserim,
868 3585 903 3648 ut
918 3584 1139 3665 praetermissis
1153 3584 1218 3662 his,
1242 3583 1320 3647 unde

244 3787 353 3828 morum
374 3787 513 3826 caenosus
531 3786 654 3826 seuerum
673 3786 774 3824 snvsar
791 3786 825 3825 m
843 3785 994 3826 canonice.
1020 3788 1094 3830 cras
1110 3787 1173 3826 mss
1189 3785 1270 3826 raum
1282 3785 1319 3824 sn

195 3875 319 3914 nxoanro
335 3874 430 3913 ravum
441 3873 501 3917 vsa
519 3873 556 3912 an
574 3873 682 3912 usurus
694 3873 771 3911 suun
786 3858 828 3925 P,
844 3858 936 3912 uerbis
947 3873 1003 3927 usq.
1017 3857 1051 3912 ad
1065 3861 1170 3927 tempus
1187 3873 1264 3910 suum
1273 3871 1319 3910 sa·

192 3961 245 4015 per
256 3944 289 4000 ab
307 3945 412 3999 exordio
428 3943 520 3998 mundi
536 3945 647 4012 scriptis
707 3943 724 4000 3
744 3959 813 3998 ame
826 3942 944 3997 studiose
962 3945 977 3998 b
1031 3944 1069 4001 10
1086 3945 1221 3998 conectere
1233 3942 1269 4009 P,
1286 3945 1320 3996 ut

196 4033 310 4088 condat
327 4029 480 4086 Giseliam:
493 4032 645 4085 conuertere
663 4029 678 4082 b
698 4031 709 4098 ΙΙ
729 4028 916 4082 hierusolimae
928 4030 957 4083 P
1013 4030 1050 4087 12
1068 4031 1190 4084 locuturo
1202 4029 1319 4084 Hieron.

196 4119 352 4184 lilercerae,¹
364 4116 460 4186 ‘magis
467 4117 602 4184 placeret,
614 4116 639 4168 ai
650 4116 699 4170 boe
710 4115 822 4168 acerbum
832 4117 946 4182 penitere
962 4115 1071 4170 decas&
1089 4117 1127 4170 de
1139 4117 1264 4184 Proto;
1282 4117 1317 4182 cs.

197 4209 289 4259 tumea
300 4203 326 4268 I,
345 4201 395 4268 28,
415 4203 445 4261 5:
469 4204 528 4255 erat
539 4201 690 4270 Allophylis
703 4201 784 4254 moris
795 4241 800 4253 .
812 4241 818 4253 .
830 4200 940 4254 Samson
952 4202 1029 4270 quasi
1045 4202 1075 4256 in
1090 4218 1215 4272 pompam
1230 4201 1319 4271 publi-

199 4306 257 4344 cum
268 4288 422 4359 producere,
440 4289 517 4356 capto
529 4287 689 4341 insultantes
702 4293 728 4340 et
741 4289 770 4349 1,
790 4285 841 4349 38,
861 4285 977 4342 GHuius
994 4304 1054 4341 eum
1071 4288 1137 4342 lacti
1154 4305 1213 4342 mox
1229 4287 1320 4357 piguit

199 4375 396 4445 poenituitque,
409 4374 515 4427 ueniam
528 4389 544 4426 a
555 4373 610 4427 Dec
621 4375 714 4442 petens
724 4379 769 4426 etc.
819 4372 857 4428 14
868 4372 1012 4441 hystoricis
1021 4374 1050 4427 P
1065 4374 1077 4442 ΙΙ
1093 4373 1273 4432 mundialibus
1283 4373 1317 4436 P,

203 4461 266 4516 odd.
279 4477 338 4530 cup.
352 4461 400 4516 lr'oa
414 4476 500 4515 mccc
510 4475 578 4515 saec.
593 4459 624 4512 X
629 4459 703 4514 Vvet
714 4458 745 4511 X
750 4457 794 4512 VI
801 4457 929 4522 ethnicis,
945 4464 979 4514 at
990 4460 1073 4514 estin
1088 4459 1105 4514 b
1109 4480 1120 4528 ,·
1138 4459 1172 4521 cl,
1189 4459 1221 4524 2,
1242 4459 1286 4523 14,
1300 4457 1318 4514 6

255 4545 291 4604 18
304 4548 394 4601 acutcr
407 4546 435 4601 P
450 4547 462 4614 ΙΙ
477 4545 673 4615 praetermissis
685 4543 728 4598 his
741 4543 808 4598 undc
821 4545 863 4598 P:
873 4545 1069 4614 praetermissis
1081 4545 1139 4600 illis
1148 4545 1216 4600 unde
1230 4545 1319 4598 haeeb

1072 4632 1115 4696 1*
