3300 5142
669 523 741 592 Cap.
762 524 881 581 11-12.
1300 528 1341 591 93

214 683 378 746 sumantur
399 681 552 765 exempla:
576 702 647 747 cnm
669 681 769 746 matre
791 680 969 758 concubuit,
999 699 1133 746 sororem
1155 680 1244 745 duxit
1265 698 1341 744 uxo-

214 803 281 849 rem
296 784 337 862 et,
353 784 389 849 ut
401 784 559 868 integrum
573 782 691 851 facinus
703 783 848 865 impleret
860 783 978 861 incesti,
994 783 1091 849 filiam
1105 801 1224 865 quoque
1238 783 1341 849 animo

214 887 401 970 corruptoris
415 888 578 971 adgressus
593 888 649 953 est.
673 887 832 953 inferiores
847 886 944 969 aliqui
959 886 1080 951 aemulo
1095 885 1225 951 stridore
1238 904 1340 967 perse·
1352 876 1370 932 5

215 990 322 1073 quitur
337 992 369 1055 et
383 989 595 1056 aduersarium
616 990 703 1073 cupit
723 989 840 1055 erudeli
862 989 986 1055 feritate
1006 990 1161 1071 torquere:
1184 990 1223 1053 ab
1244 986 1342 1071 Apol-

193 1093 277 1159 sline
293 1094 481 1177 erMarsyae
498 1093 619 1158 casibus
636 1092 807 1158 crudelium
822 1093 1045 1158 tormentorum
1061 1091 1215 1157 cruciatus
1231 1090 1339 1155 discat.

215 1196 350 1263 alienum
364 1196 462 1279 aliqui
476 1196 631 1263 desiderat
653 1198 686 1263 et
705 1196 762 1261 hoc
783 1214 854 1260 cum
874 1196 974 1260 morte
994 1193 1112 1259 domini
1133 1194 1260 1258 conatur
1279 1193 1342 1257 im·

214 1300 313 1382 plere:
336 1300 442 1365 uideat
455 1301 493 1366 ut
506 1300 655 1365 Hercules
670 1300 769 1364 occiso
784 1298 922 1383 Geryone
937 1298 1070 1364 Hiberas
1085 1297 1224 1382 abegerit
1238 1297 1340 1361 boues.

215 1404 242 1469 si
265 1404 319 1486 qui
340 1403 515 1487 promiscua
536 1403 697 1468 hominum
718 1402 809 1468 caede
831 1401 962 1486 gaudet,
996 1401 1205 1485 praeposteras
1232 1400 1343 1465 Martis

216 1507 402 1591 cupiditates
417 1508 584 1591 diligenter
602 1505 756 1590 inspiciat.
781 1506 900 1571 semina
918 1523 1013 1587 paene
1033 1504 1172 1569 omnium
1193 1503 1343 1570 scelerum

170 1635 198 1674 ιο
216 1632 236 1677 a
250 1612 311 1677 diis
326 1611 390 1676 suis
405 1610 599 1693 peccantium
614 1610 707 1675 turba
720 1608 843 1692 colligit
857 1610 904 1687 et,
927 1609 963 1673 ut
984 1606 1124 1689 perditus
1140 1606 1261 1671 animus
1281 1606 1343 1670 im-

214 1734 296 1796 pune
310 1714 430 1780 facinus
444 1715 543 1796 possit
557 1713 731 1790 admittere,
747 1732 783 1777 cr
795 1711 1047 1794 praecedentibus
1058 1710 1229 1776 facinorum
1240 1728 1342 1774 erem-

214 1818 276 1900 plis
296 1818 413 1883 maiore
433 1837 466 1882 se
486 1816 671 1883 auctoritate
686 1815 834 1881 defendit.
858 1816 885 1880 si
905 1814 1007 1898 stupri
1027 1813 1165 1896 praemia
1186 1814 1372 1894 corruptore

215 1921 361 2004 inquirit,
377 1921 404 1985 si
419 1920 506 1985 uiam
519 1920 608 2001 optat
621 1918 851 1985 sollicitationis
866 1917 1037 1997 addiscere,
1053 1918 1086 1983 in
1101 1917 1170 1983 sinu
1186 1918 1343 1997 corruptae

215 2024 356 2090 mudieris
376 2042 486 2088 summ
506 2022 591 2088 Iouis
611 2022 726 2087 uideat.
750 2022 777 2087 si
801 2022 943 2104 publicus
968 2022 1122 2105 parricida
1147 2019 1344 2087 commissam

181 2151 206 2191 ra
216 2127 276 2192 sibi
291 2126 378 2210 regni
393 2126 566 2191 custodiam
579 2124 696 2192 nefaria
715 2126 840 2208 prodere
861 2125 1030 2207 eupiditate
1051 2124 1220 2202 desiderat,
1245 2122 1344 2206 respi-

217 2229 279 2295 ciat
293 2229 333 2294 ad
347 2247 398 2294 eos
412 2230 466 2312 qui
481 2227 650 2295 Saturnum
663 2229 729 2294 lilio
742 2229 951 2312 prodiderunt.
974 2229 1124 2311 quatenus
1138 2228 1188 2291 ius
1202 2227 1344 2293 laedatur

217 2333 345 2415 hospitii
373 2333 424 2399 uel
443 2335 448 2416 Ι
467 2339 617 2417 qnatenus
646 2334 801 2400 amicitiae
825 2333 895 2399 iura
923 2333 1087 2398 turbentur
1115 2331 1166 2397 uel
1194 2332 1454 2413 quatennsr01.12·.

215 2454 338 2502 mensae
353 2435 527 2502 conciliatio
542 2437 648 2503 sancta
661 2437 796 2502 uioletur
810 2438 837 2502 si
850 2436 903 2519 qui
919 2436 958 2501 ad
970 2437 1117 2502 imuriam
1127 2452 1240 2519 pronus
1252 2452 1344 2515 quae·

215 2540 274 2619 rit,
296 2558 366 2606 ecce
384 2542 523 2606 ordinem
542 2541 691 2606 scelerum
712 2542 750 2606 de
765 2541 890 2606 Tantali
916 2540 1036 2606 casibm
1060 2539 1168 2606 discat.
1192 2557 1209 2603 o
1229 2536 1373 2608 facire-7

180 2662 303 2709 aorosac
318 2644 499 2725 cupiditatis
514 2644 605 2710 trista
618 2645 784 2711 solacium!
806 2643 1000 2709 chominnm
1016 2642 1152 2708 deflenda
1170 2644 1343 2725 persuasio!
1439 2725 1443 2733 Ι

217 2764 235 2811 o
249 2746 383 2812 infelicis
396 2747 581 2813 imitationis
593 2750 719 2812 cruenta
729 2747 906 2812 meditatio!
923 2764 1063 2811 scaenam
1078 2746 1114 2810 de
1129 2745 1212 2811 eaelo
1226 2745 1345 2813 lecistis

217 2849 250 2914 et
263 2853 399 2915 amantes
413 2851 531 2915 animos
545 2870 599 2933 per
614 2850 747 2933 abrupta
760 2850 940 2933 praecipitia
955 2849 1072 2915 crudeli
1092 2850 1270 2915 calamitate
1286 2850 1344 2914 dn-

216 2952 323 3033 ristis,
344 2972 416 3019 cum
430 2953 606 3019 hominibus
620 2973 745 3036 peccare
759 2953 954 3035 cupientibus
967 2952 1138 3017 facinorum
1152 2953 1205 3018 uia
1219 2952 1256 3017 de
1270 2952 1344 3019 deo·

217 3075 288 3121 rum
302 3058 491 3122 monstratur
505 3056 661 3138 exemplis.
677 3056 731 3121 sed
746 3056 779 3121 in
793 3057 856 3121 ista
870 3056 1036 3121 criminum
1050 3055 1133 3141 lege,
1149 3056 1182 3121 in
1196 3055 1258 3120 ista
1272 3074 1344 3122 con·

182 3177 208 3219 ar
216 3158 347 3224 sessione
362 3159 512 3225 scelerum
526 3159 644 3244 gratias
658 3178 787 3244 agams
801 3158 882 3237 illis,
898 3158 951 3241 qui
966 3158 1060 3225 etiam
1075 3159 1170 3225 exitia
1185 3160 1216 3225 et
1230 3160 1345 3225 mortes

218 3262 344 3327 deorum
365 3262 498 3327 istorum
520 3263 609 3329 nobis
630 3262 837 3329 nescientibus
864 3262 1078 3345 prodiderunt,
1101 3263 1138 3327 ut
1158 3262 1345 3329 disceremus

217 3364 322 3429 omnia
334 3383 389 3446 per
402 3365 450 3429 tot
464 3366 629 3447 opstantes.
652 3365 714 3431 furit
728 3366 811 3431 enim
827 3366 858 3432 et
872 3367 948 3448 aput
963 3366 1096 3443 ueteres,
1119 3365 1194 3431 licet
1208 3367 1345 3432 nondum

216 3468 332 3532 terram
346 3468 563 3533 inluminasset
578 3468 696 3534 domini
710 3469 810 3534 nostri
826 3467 943 3534 Christ
957 3468 1131 3534 ueneranda
1145 3468 1294 3553 dignatio,
1311 3470 1344 3534 in

217 3570 394 3653 spernendis
408 3572 677 3654 superstitionibus
697 3572 842 3657 religiosa
864 3571 1044 3637 constantia.
1068 3572 1232 3637 Diomedes
1253 3572 1376 3654 padi-8

181 3692 271 3739 naus
285 3693 321 3739 ac
335 3674 455 3739 sobrius
461 3674 611 3740 Venerem
622 3674 775 3753 uulnerat,
790 3674 925 3739 Martem
933 3674 1031 3740 uincit
1043 3675 1074 3739 et
1084 3676 1233 3758 percutit:
1250 3674 1302 3740 Oti
1314 3676 1345 3741 et

268 3895 357 3953 aare
375 3896 505 3964 aliquisc
557 3897 576 3953 3
594 3897 711 3951 aemulos
727 3896 816 3966 rigore
834 3896 945 3964 Oebler,·
964 3903 994 3949 at
1006 3898 1041 3963 es.
1048 3896 1342 3952 Firm.Mat.Matbea.

217 3982 261 4036 lab.
275 3983 353 4050 IIII,
365 3987 382 4035 1
394 3999 425 4050 p.
436 3986 487 4038 86:
508 3982 600 4036 inuido
621 3982 735 4037 stridore
810 3982 829 4041 5
847 3982 980 4036 cruciatus
993 3982 1120 4036 Barcina
1140 3982 1253 4048 (facinus
1273 3983 1346 4037 idem

216 4068 296 4123 babet
306 4069 339 4123 ἐπ
350 4069 496 4123 uerborum
507 4070 663 4136 cocceam:
682 4068 789 4123 casibus
800 4070 836 4132 P,
849 4084 926 4122 casus
938 4086 956 4121 a
1017 4067 1032 4120 7
1050 4066 1129 4121 uidet
1137 4068 1165 4121 P
1186 4070 1198 4136 {t
1221 4069 1346 4123 Herculis

217 4153 263 4208 Pa
285 4156 297 4222 11
320 4153 439 4209 iberasa
461 4155 474 4222 ΙΙ
497 4154 616 4224 abigerit
632 4156 659 4209 P
710 4154 772 4211 8si
789 4154 850 4223 quis
867 4156 976 4222 a,item
988 4170 1071 4207 uersu
1083 4158 1125 4219 18,
1140 4160 1202 4222 etp.
1218 4158 1263 4222 95,
1276 4159 1311 4209 18

217 4238 255 4295 10
271 4239 377 4295 diisP:
394 4239 449 4310 piis
462 4258 480 4293 a
496 4244 508 4309 ΙΙ
524 4240 636 4311 collegit
648 4242 694 4295 Pa
762 4242 795 4294 11
812 4242 903 4309 posset
915 4241 960 4294 Pu
979 4242 992 4308 ΙΙ
1003 4238 1201 4295 admitteretP
1251 4240 1287 4296 14
1304 4240 1346 4293 ui·

216 4324 394 4381 deatlouisa
457 4325 495 4383 19
513 4328 723 4381 ecceBcrsa'ca:
741 4343 798 4381 esse
811 4328 857 4381 Pa
878 4328 890 4395 ΙΙ
912 4326 1075 4380 facinorosae
1096 4324 1157 4379 edd.
1221 4326 1256 4381 21
1275 4340 1347 4379 scae·

217 4425 279 4463 nam
300 4412 340 4480 P,
363 4418 396 4466 at
416 4412 519 4467 emend.
546 4413 700 4469 Woweraa:
728 4428 836 4467 coenam
856 4429 874 4465 a
954 4412 988 4465 22
1011 4410 1108 4465 abruta
1128 4428 1146 4464 a
1227 4409 1266 4467 28
1284 4411 1347 4465 Iesu

216 4494 320 4552 Christi
333 4514 352 4551 a
403 4498 439 4556 29
457 4498 594 4554 Diomedis
608 4501 637 4557 P
681 4498 722 4557 30
738 4499 800 4555 Oeti
812 4500 872 4567 Po,
892 4515 939 4553 aa.
957 4498 1096 4554 Wowcrce
