3300 5142
350 517 392 582 90
479 511 484 521 “
764 517 912 586 Sulpicii
935 515 1049 569 seuera

320 671 428 740 ainter
456 671 531 738 haec
553 671 770 738 Constantinus
798 672 943 738 moritur:
965 671 1098 756 synodus
1113 671 1298 754 congregata
1311 669 1375 734 iam
1389 667 1468 734 Con·

347 773 461 838 stantio
496 775 678 856 imperatore
715 774 923 840 Athanasium
957 774 1110 850 absoluit,
1152 771 1318 837 Marcellus
1350 789 1470 854 quoquo

347 878 536 959 episcopatui
551 877 703 942 redditur:
725 897 798 944 nam
817 879 856 942 de
875 877 1008 942 Photino
1022 877 1161 958 episeopo
1176 875 1407 941 Sirmiensium
1421 874 1470 938 eet

347 981 475 1046 rescissa
501 981 668 1058 sententia,
691 981 743 1063 qui
765 981 861 1046 etiam
881 982 1055 1046 nostrorum
1075 979 1189 1044 iudicio
1208 979 1380 1044 haereticas
1399 994 1470 1059 pro·

347 1084 446 1148 batur.
471 1084 502 1148 et
522 1085 627 1148 mmen
646 1083 703 1148 hoc
723 1085 825 1165 ipsum
846 1083 1029 1148 Marcellam
1043 1082 1209 1167 grauntat,
1232 1082 1305 1164 qaia
1318 1081 1490 1145 Photinus⁵

319 1186 469 1250 sauditor
494 1186 560 1250 eius
585 1184 679 1252 fuisse
704 1187 737 1252 iu
762 1186 966 1252 adolescentia
990 1185 1163 1250 uidebatur.
1191 1186 1404 1250 nemmtamen
1429 1183 1470 1247 ad

346 1287 511 1352 Athanasii
532 1288 756 1354 absolutionem
777 1290 873 1354 etiam
887 1289 966 1354 illud
981 1290 1165 1365 accesserat,
1186 1287 1266 1369 quod
1281 1285 1423 1351 Vrsatius
1437 1286 1471 1350 et

347 1389 476 1468 Valens,
499 1391 650 1474 principes
671 1391 888 1470 Arrianornm,
910 1412 982 1457 cum
1002 1393 1071 1474 post
1091 1389 1241 1474 synodum
1261 1388 1472 1455 Sardicensam

346 1493 524 1558 uiderentur
539 1513 557 1560 a
572 1495 782 1560 communione
798 1495 922 1572 secreti,
945 1513 1048 1560 coram
1067 1493 1161 1576 positi
1182 1511 1201 1557 a
1221 1491 1301 1556 Iulio
1315 1491 1473 1556 Romanae

346 1596 432 1662 urbis
461 1597 599 1678 episcopo
629 1599 752 1662 ueniam
781 1599 996 1680 poposcerunt,
1032 1596 1113 1678 quod
1141 1595 1299 1660 innoxium
1328 1595 1508 1659 condem-ro

346 1701 485 1777 cassant,
508 1700 678 1782 meritoque
699 1720 768 1765 eum
791 1700 943 1766 sententia
958 1698 1078 1764 concilii
1094 1697 1281 1763 Sardicensis
1295 1696 1472 1761 absolutum

347 1801 476 1886 professi
491 1805 571 1866 suut.

297 1907 336 1972 37
391 1905 554 1969 Interieoto
570 1905 678 1970 deinde
693 1908 829 1987 tempore
849 1904 1053 1984 Athanasius,
1076 1925 1147 1971 cnm
1166 1905 1347 1970 Marcellum
1361 1921 1472 1986 pamm

349 2026 440 2073 sanae
465 2007 535 2072 fidei
559 2009 680 2089 penitus
708 2009 920 2090 comperisset,
943 2029 962 2073 a
987 2010 1197 2074 communione
1223 2007 1390 2091 suspendit.
1413 2005 1472 2069 ha-

348 2111 477 2192 buitque
487 2111 540 2175 ille
551 2111 629 2176 hano
641 2112 872 2189 uerecundiam,
888 2113 924 2176 ut
938 2112 1019 2176 tanti
1033 2112 1095 2176 uiri
1105 2112 1219 2177 iudicio
1230 2111 1353 2176 notatus
1364 2109 1472 2191 sponte
1481 2125 1508 2166 ιι

319 2212 532 2280 2concederet.
557 2215 691 2279 ceterum
717 2218 807 2280 antea
833 2215 990 2291 innocens,
1012 2216 1118 2296 postea
1143 2215 1344 2297 deprauatus,
1372 2211 1472 2276 uideri

348 2320 470 2400 poterat
491 2317 555 2380 iam
577 2319 646 2382 tum
668 2336 777 2382 nocens
800 2317 911 2395 scrisse,
945 2337 1017 2382 cum
1043 2318 1082 2382 de
1109 2335 1143 2382 eo
1166 2317 1267 2382 fuerat
1288 2316 1470 2380 indicatum.

346 2419 430 2484 nacti
445 2437 517 2502 ergo
531 2418 657 2483 Arriani
677 2419 853 2484 istiusmodi
876 2420 1065 2484 occasionem
1080 2419 1254 2502 conspirant
1268 2419 1390 2501 penitus
1399 2416 1471 2481 Sar-

319 2521 479 2585 3dicensis
495 2521 601 2602 synodi
618 2521 739 2586 decreta
754 2521 941 2585 subuertere.
966 2523 1080 2586 etenim
1096 2523 1140 2586 eis
1155 2522 1237 2586 color
1256 2521 1382 2602 quidam
1397 2518 1472 2584 snb-

347 2624 450 2706 petare
466 2622 645 2701 uidebatur,
662 2624 777 2688 uttam
793 2623 907 2688 iniuste
922 2623 1033 2689 fuisset
1043 2643 1098 2706 pro
1107 2624 1277 2689 Athanasio
1288 2623 1471 2700 iudicatum,
1480 2639 1508 2680 no

348 2743 441 2805 quam
457 2723 621 2789 Marcellus
645 2724 746 2790 fuerat
767 2725 941 2803 absolutae,
965 2728 1018 2809 qui
1033 2747 1113 2791 nunc
1128 2727 1223 2792 etiam
1238 2725 1402 2791 Athanasii
1421 2725 1472 2789 iu-

318 2826 429 2900 4dicio
456 2845 520 2891 esse
541 2827 713 2892 haereticus
729 2829 918 2910 probaretur.
942 2849 1074 2910 namque
1096 2829 1261 2894 Marcellus
1281 2827 1472 2894 Sabelliauaa

347 2929 482 2994 haeresis
497 2933 629 2994 assertor
651 2931 809 2995 extiterat:
833 2931 984 2997 Photinus
1007 2951 1080 2997 uero
1101 2951 1214 2997 nonam
1235 2931 1385 2996 haeresim
1407 2931 1472 2994 iam

348 3035 420 3097 ante
435 3033 620 3115 protulerat,
636 3051 655 3097 a
670 3031 803 3098 Sabellio
818 3035 942 3115 quidem
957 3035 990 3099 in
1005 3037 1114 3100 unione
1129 3035 1326 3110 dissentiens,
1343 3034 1397 3098 sed
1411 3032 1471 3096 ini-

318 3135 429 3208 stium
445 3133 560 3200 Christi
575 3154 610 3199 er
625 3134 724 3199 Maria
739 3137 945 3218 praedicabat.
970 3138 1067 3222 igitur
1082 3137 1207 3202 Arriani
1227 3139 1332 3202 astuto
1346 3135 1472 3201 consilio
1481 3157 1508 3200 a

347 3237 478 3301 miscent
493 3237 649 3301 innoxium
665 3239 852 3317 criminosis,
874 3239 1164 3322 damnationemque
1184 3240 1310 3305 Photini
1336 3241 1368 3304 et
1387 3237 1471 3302 llar-

349 3337 419 3404 colli
435 3341 466 3403 et
481 3339 646 3404 Athanasii
661 3340 768 3404 eadem
783 3342 935 3406 sententia
947 3343 1216 3425 comprehendunt,
1233 3343 1311 3406 illud
1325 3341 1472 3405 nimirum

348 3441 430 3524 apud
455 3441 669 3524 imperitorum
697 3443 814 3508 animos
840 3446 1082 3527 praestruentes,
1105 3447 1142 3510 ut
1161 3464 1220 3510 non
1237 3446 1420 3528 putarentur
1434 3444 1472 3507 de

347 3543 519 3608 Athanasio
533 3562 693 3627 perperam
718 3546 884 3624 iudicasse,
907 3548 961 3629 qui
987 3547 1024 3612 de
1050 3547 1197 3612 Marcello
1223 3549 1315 3629 atque
1340 3545 1471 3610 Photino

320 3661 421 3715 6uera
447 3646 620 3712 sensissent.
650 3651 863 3714 uerumtamen
889 3669 924 3714 ea
950 3652 1136 3732 tempestate
1162 3649 1287 3714 Arriani
1311 3647 1472 3732 perfidiam
1480 3670 1508 3712 ao

349 3768 437 3814 suam
463 3748 672 3814 occultabant:
695 3753 840 3816 nonensi
860 3751 965 3835 palam
985 3753 1095 3817 erroris
1116 3753 1164 3816 sui
1184 3753 1331 3836 dogmata
1349 3749 1472 3832 praedi·

350 3871 419 3917 care
434 3851 600 3916 catholicos
616 3872 648 3917 se
662 3853 823 3936 gerebant,
851 3853 930 3918 nihil
944 3854 1004 3918 sibi
1029 3854 1115 3936 prius
1131 3855 1284 3937 agendum
1298 3855 1359 3918 rati
1379 3871 1473 3934 quam

402 4035 417 4090 l
438 4035 586 4089 constantio
608 4038 646 4090 P:
665 4035 839 4092 Constantino
860 4040 876 4092 b
939 4039 959 4095 4
976 4039 1024 4107 qui
1046 4039 1128 4093 etiarn
1148 4041 1258 4108 ecoa'pea‘:
1278 4039 1341 4108 quia
1351 4039 1434 4092 ctiam
1446 4037 1475 4092 P

359 4121 372 4186 ΙΙ
394 4119 522 4188 probatur
540 4123 578 4176 P:
596 4122 758 4192 probabatur
776 4125 791 4177 b
854 4124 871 4178 7
890 4124 1016 4178 Vrsacius
1028 4125 1063 4178 de
1075 4126 1163 4180 Proto
1225 4127 1263 4182 14
1280 4125 1342 4179 fidei
1355 4125 1393 4179 P:
1411 4123 1473 4177 fidei

349 4206 440 4258 esseb
495 4206 530 4262 17
548 4207 676 4261 ineritP
727 4208 766 4264 20
784 4211 814 4262 nt
832 4209 870 4262 P:
888 4209 991 4277 quodb
1014 4213 1027 4279 ΙΙ
1046 4210 1129 4264 furiose
1147 4212 1175 4264 P
1225 4212 1261 4267 21
1281 4227 1361 4279 quam
1373 4209 1474 4263 iniuste

348 4291 492 4345 Marcellus
514 4294 632 4347 malebat
656 4293 689 4346 dc
713 4295 801 4347 Proto
870 4295 908 4350 22
932 4295 1082 4350 haereticus
1105 4299 1196 4352 osset
1265 4295 1303 4353 23
1321 4298 1424 4349 assator
1447 4293 1475 4348 P

402 4375 440 4432 26
453 4377 568 4430 miscunt
578 4379 605 4432 P
620 4380 632 4445 ΙΙ
648 4377 754 4432 solotini
766 4380 793 4434 P
835 4379 873 4435 28
885 4380 1068 4450 imperitorum
1076 4381 1111 4435 de
1120 4383 1222 4437 Proto:
1233 4383 1423 4452 imperatorum
1429 4381 1474 4435 Po

360 4463 372 4528 ΙΙ
388 4464 569 4531 prestruentes
580 4479 647 4518 corr.
660 4469 675 4518 1
686 4465 759 4519 mdo
771 4466 956 4533 pstruentesP
1001 4467 1037 4523 31
1048 4482 1099 4520 non
1107 4469 1145 4522 Pz
1157 4484 1205 4521 nec
1213 4469 1329 4522 malebat
1338 4467 1373 4521 de
1385 4467 1475 4521 Proto
