3300 5142
344 523 411 590 202
763 521 911 591 Sulpicii
928 522 1044 576 Seueri

344 679 521 757 ciuitatem,
542 677 827 762 seqnmutmeom
845 677 1015 744 miserabili
1035 677 1114 742 lacis
1132 675 1290 742 ordinibus
1309 673 1463 750 munda

344 781 467 847 om
489 781 651 866 monos
675 781 777 864 remi
801 781 889 846 ruse
912 800 1023 865 ew
1041 797 1221 864 mmm,
1253 777 1389 860 nnus
1411 795 1464 859 oo

316 887 425 960 osteo
448 885 500 950 die
523 884 664 950 adtonita
686 884 815 949 eiuitste
839 884 879 950 sd
904 903 980 967 opus
1005 885 1094 948 triste
1118 881 1284 966 proaedere.
1307 880 1387 964 quod
1412 879 1464 944 ubi

343 987 770 1070 llardnooonperturnest,
801 982 1464 1069 soluspsuloantemodiarnnootsmad

343 1090 531 1174 praetorium
544 1089 661 1154 bestiae
674 1089 761 1155 illius
774 1089 884 1154 tmdit
899 1089 952 1154 sed
967 1109 1039 1155 cum
1053 1088 1220 1171 profundas
1233 1087 1332 1152 noefis
1345 1085 1465 1150 silurtio
1486 1110 1501 1149 s

343 1193 570 1277 quiescentibus
584 1192 703 1258 modis
721 1192 827 1258 nullus
850 1193 968 1258 loribus
991 1192 1139 1258 obustis
1161 1192 1280 1274 patae
1303 1191 1465 1274 ingressus,

343 1297 416 1362 ento
430 1294 540 1360 timim
553 1297 679 1360 eruenta
691 1296 905 1378 prosternitur.
927 1297 1043 1362 interm
1056 1295 1224 1360 Auitisnus
1248 1293 1337 1378 grani
1362 1309 1466 1356 somno

344 1397 483 1481 sepultus
495 1397 605 1482 angelo
619 1399 780 1482 ingruente
793 1399 986 1481 persollitur:
1009 1417 1132 1475 mus,
1155 1397 1271 1480 inquit,
1287 1394 1345 1460 Ilei
1358 1395 1399 1459 ad
1412 1397 1466 1458 tua

315 1499 454 1566 olimina
473 1500 551 1566 iaeet
569 1503 602 1565 et
620 1504 656 1566 tu
675 1502 830 1585 quiescis?
850 1498 1465 1585 quaillouoosperoeptsleotosnotur-

344 1601 436 1668 batus
459 1603 628 1682 excutitur,
649 1605 883 1686 oonnoeatisquo
908 1605 1006 1669 seruis
1030 1603 1169 1686 trepidos
1194 1603 1355 1680 exclamat,
1382 1600 1501 1664 liar-ro

343 1705 447 1770 tinum
472 1724 539 1772 osso
562 1724 617 1789 pro
641 1705 774 1772 foribus:
795 1707 877 1772 irent
902 1707 1057 1789 protinus,
1079 1707 1213 1770 daustru
1227 1707 1407 1780 reserarent,
1428 1720 1467 1784 ne

315 1807 403 1878 snei
428 1825 534 1874 somus
558 1811 715 1892 poteretur
737 1810 894 1874 mindam.
916 1810 969 1874 ssd
995 1809 1061 1888 illi,
1083 1811 1121 1874 ut
1143 1808 1468 1878 estomniumnstura

344 1927 517 1990 seruorum,
539 1911 592 1976 nix
606 1912 708 1994 prima
726 1911 837 1976 limina
850 1913 981 1996 egrossi,
1003 1913 1169 1977 ndentes
1195 1911 1355 1976 domnum
1376 1927 1468 1994 sum

344 2013 426 2096 quod
440 2013 558 2080 sommo
572 2013 683 2079 fuisset
697 2013 833 2092 inlusus,
863 2016 978 2100 negant
990 2033 1178 2099 quemqnam
1192 2031 1325 2095 essopro
1340 2010 1466 2086 foribus,

343 2133 380 2181 ex
404 2119 526 2182 suomet
549 2117 672 2202 ingenio
692 2117 897 2183 oonieotantes
924 2117 1078 2184 neminem
1102 2107 1191 2183 noete
1215 2134 1302 2198 posse
1326 2113 1501 2199 uigilare,¹⁵

343 2218 457 2285 ndum
482 2218 531 2284 illi
553 2220 724 2298 oredemt,
746 2221 779 2286 in
804 2221 860 2284 illo
885 2221 985 2287 noetis
1011 2220 1135 2286 horrore
1149 2221 1247 2286 iacere
1273 2221 1344 2284 ante
1369 2217 1468 2282 aliena

343 2321 453 2387 limina
466 2321 669 2389 seoerdotemz
691 2321 784 2405 idque
798 2322 947 2388 aduno
962 2322 1052 2390 facile
1072 2341 1251 2406 personum
1265 2323 1320 2386 est.
1344 2337 1469 2384 rursum

343 2423 476 2490 soluitur
490 2425 524 2490 in
536 2443 691 2508 soporem:
714 2426 767 2490 sod
782 2443 853 2491 mox
868 2426 900 2489 ui
916 2425 1031 2492 maiore
1045 2443 1209 2492 munaus
1224 2423 1375 2489 exclamat
1385 2421 1469 2486 llar-

343 2527 446 2593 tinum
470 2529 552 2593 staro
574 2545 629 2610 pro
654 2527 789 2594 foribus:
811 2527 873 2592 sibi
887 2527 955 2594 ideo
969 2529 1088 2594 nullm
1102 2528 1238 2611 quietem
1252 2526 1348 2592 animi
1363 2541 1468 2607 eorpo-

314 2629 447 2712 erisque
460 2629 610 2712 permitti.
625 2629 820 2696 tardantibus
842 2631 939 2698 seruis
958 2632 1023 2715 ipso
1037 2649 1134 2714 nsque
1147 2631 1186 2695 ad
1201 2629 1310 2696 limine
1320 2627 1469 2693 exteriora
1478 2649 1504 2689 ro

344 2732 555 2818 progreditur:
590 2733 635 2798 ibi
659 2733 831 2799 Martinam
856 2735 893 2798 ut
914 2736 1050 2802 oensem
1075 2733 1281 2817 deprehendit.
1310 2731 1469 2814 perculsus

314 2834 438 2902 omiser
461 2837 565 2901 tenuo
590 2835 717 2901 uirtutis
742 2835 1005 2916 manifestatione,
1034 2837 1124 2920 quid,
1147 2835 1263 2919 inquit,
1296 2833 1375 2899 milri
1400 2832 1467 2910 hoo,

342 2937 481 3019 domine,
503 2936 727 3004 londonien
752 2941 783 3004 te
809 2939 894 3023 loqui
919 2957 1040 3006 neeesse
1054 2940 1117 3004 est:
1140 2939 1202 3004 soio
1217 2936 1291 3019 quid
1306 2935 1466 3012 desideres,

341 3040 432 3106 uideo
444 3041 519 3125 quid
533 3042 688 3125 requiem
704 3041 824 3107 dnoode
839 3043 1034 3125 quantocius,
1050 3061 1088 3108 ne
1102 3061 1152 3108 me
1167 3042 1205 3106 ob
1219 3040 1365 3105 iniuriam
1380 3039 1468 3103 tuam

342 3143 481 3211 oselostis
496 3143 542 3211 ira
556 3148 730 3212 oonsnmat:
753 3147 829 3210 satis
853 3145 998 3212 soluerim
1013 3146 1169 3228 hueusque
1183 3161 1357 3228 poouanrm.
1382 3139 1498 3206 eredes

315 3247 417 3330 aquia
439 3265 501 3313 non
525 3246 636 3314 leuiter
659 3249 741 3332 apud
766 3266 815 3314 mo
841 3249 946 3314 sotum
960 3249 1022 3328 est,
1045 3250 1081 3312 ut
1095 3249 1160 3331 ipse
1174 3245 1375 3328 procederem.
1399 3243 1466 3327 post

343 3349 511 3416 dissessum
526 3352 630 3417 autem
644 3351 741 3416 serroti
756 3351 885 3416 aduocat
899 3349 1044 3416 officiales
1065 3369 1150 3429 suos,
1172 3349 1260 3415 iubet
1284 3364 1389 3414 omnes
1414 3363 1466 3409 eu-

343 3451 458 3518 stodies
472 3453 601 3519 relaxari
615 3456 647 3518 et
660 3471 731 3519 mor
746 3454 812 3537 ipso
825 3452 1036 3536 proficiscitur.
1061 3453 1106 3519 ita
1120 3453 1227 3538 fugato
1243 3450 1389 3517 Antiano
1404 3449 1466 3514 lae·

343 3555 410 3622 tete
424 3557 471 3620 ost
485 3555 595 3622 oiuites
610 3557 641 3622 ot
655 3555 793 3622 liberate.

393 3793 548 3865 ldisponit
563 3795 598 3850 V:
610 3794 751 3866 disponens
762 3797 836 3854 AFo
851 3798 864 3866 ΙΙ
879 3799 1012 3866 posterae
1064 3795 1174 3852 3tristo
1187 3792 1384 3850 V2tsmtristo
1395 3791 1467 3847 Aroe

393 3879 620 3951 oportsuditll
649 3884 661 3950 ΙΙ
692 3882 820 3952 profundo
841 3884 869 3939 B
938 3881 1056 3938 dnullis
1077 3881 1165 3950 For.
1186 3897 1220 3935 m.
1285 3878 1418 3936 letone
1443 3877 1470 3932 V

396 3966 432 4024 12
449 3969 547 4021 namra
558 3981 694 4022 seruorum
705 3983 756 4023 oss.
772 3968 800 4023 V
850 3967 887 4025 13
899 3964 1248 4038 primolimineuixA(sed
1258 3963 1323 4020 odd.
1336 3963 1383 4018 uix
1393 3980 1425 4018 m.
1435 3963 1466 4032 Β)

395 4052 433 4110 14
450 4051 709 4107 somniodaPrater
729 4068 819 4107 somno
831 4053 896 4108 tetri
964 4053 1000 4112 15
1019 4051 1235 4107 suimetFoorr.
1303 4049 1339 4107 16
1356 4047 1466 4103 neodem

345 4135 403 4205 Vll
425 4135 501 4191 illius
512 4136 598 4193 noetis
618 4137 649 4192 F
715 4137 752 4196 17
771 4140 872 4192 ostom.
895 4139 967 4194 AFe
1037 4135 1466 4205 londoniensem

394 4220 434 4280 20
450 4237 533 4292 usquo
544 4239 593 4279 om.
607 4223 665 4278 AF
722 4224 759 4280 21
779 4222 971 4293 adpraehendit
985 4223 1012 4280 V
1072 4223 1110 4280 22
1127 4221 1343 4278 manifestatione
1355 4219 1466 4274 uirtutis

342 4306 416 4364 AFo
466 4306 896 4378 asuloquiAFV210quio0e
948 4307 986 4365 27
1006 4307 1214 4364 smetimartini
1230 4307 1265 4371 V,
1283 4305 1464 4374 martiniwoa

343 4391 482 4462 nnotiJF
503 4396 516 4462 ΙΙ
538 4394 687 4451 camiso
775 4393 814 4452 29
832 4393 1151 4450 ostoiuitasetliberets
1162 4393 1256 4449 AFV:
1275 4391 1466 4446 estseoiuites

342 4477 486 4534 llberstsm
498 4477 554 4534 duo
566 4479 642 4536 codd.
661 4480 742 4536 Gisel.
755 4487 781 4536 et
792 4497 809 4536 o
