3300 5142
336 535 399 600 188
756 531 905 601 Sulpicii
928 533 1044 586 Seueri
1129 593 1137 622 Ι

334 687 520 752 obstinatius
534 688 689 752 reluctari.
713 689 893 770 conponitur
917 691 1020 753 castus
1046 688 1169 770 reginae
1195 689 1337 754 manibus
1363 708 1458 772 appa-

335 792 436 855 ratus:
459 790 603 855 sellulam
616 791 685 872 ipsa
699 791 881 868 consternit,
898 811 1036 856 mensam
1051 791 1210 869 admouet,
1227 809 1341 872 aquam
1358 792 1458 856 mani·

334 892 392 958 bus
408 894 642 970 subministrat,
665 893 784 970 cibum,
807 912 899 975 quem
914 895 982 976 ipsa
996 896 1136 972 coxerat,
1160 893 1296 976 adponit.
1319 894 1388 976 ipsa
1401 893 1456 958 illo

337 997 444 1060 edente
468 997 588 1061 eminus
613 996 781 1062 secundum
794 995 1016 1062 famulantium
1027 996 1223 1079 disciplinam
1237 995 1302 1061 solo
1316 995 1377 1060 1116
1387 1015 1458 1060 con·

335 1099 420 1162 sistit
434 1098 607 1175 inmobilis,
630 1098 808 1180 peremnia
831 1099 1039 1164 ministrantis
1063 1098 1249 1164 modestiam
1274 1099 1305 1162 et
1330 1097 1459 1162 hnmili-
1482 1121 1496 1160 6

334 1202 435 1264 tatem
451 1200 595 1264 exhibens
610 1201 790 1264 seruientia:
812 1201 940 1265 miscuit
953 1201 1020 1283 ipsa
1035 1200 1172 1266 bibituro
1187 1203 1218 1265 61
1232 1200 1301 1282 ipsa
1315 1199 1459 1281 porrexit.

305 1301 423 1366 6111116
448 1303 558 1366 cenula
582 1301 758 1386 fragmenta
772 1304 860 1385 panis
876 1303 1033 1386 absumpti
1048 1304 1205 1385 micasque
1220 1303 1360 1386 collegit,
1383 1303 1461 1368 satis

336 1404 469 1468 fideliter
500 1404 571 1470 illas
597 1405 744 1486 reliquias
772 1405 985 1488 imperialibus
1015 1405 1114 1489 epulis
1146 1406 1341 1487 anteponens.
1369 1404 1462 1470 beata

336 1505 463 1584 mulier,
486 1509 592 1572 tantae
606 1508 732 1590 pietatis
747 1507 872 1574 adfectu
885 1508 934 1572 illi
949 1509 1060 1573 merito
1082 1508 1290 1590 conparanda,
1312 1527 1391 1588 quae
1405 1527 1461 1574 ue-

335 1609 384 1673 nit
403 1628 423 1673 a
441 1609 554 1674 linibus
568 1613 671 1675 torrae
685 1611 792 1676 audire
806 1609 1015 1688 Salomonem,
1038 1610 1191 1693 siquidem
1214 1610 1386 1693 simplicem
1411 1629 1500 1674 61-16

306 1727 468 1792 uquamur
492 1711 664 1778 historiam.
694 1713 748 1777 sed
772 1712 848 1778 fides
874 1713 1050 1797 reginarum
1075 1716 1124 1778 est
1150 1711 1346 1789 eonferenda,
1380 1712 1463 1794 quod

335 1815 413 1879 rnibi
425 1815 517 1879 liceat
528 1817 670 1898 separata
680 1816 822 1898 mysterii
833 1816 996 1881 maiestate
1007 1815 1135 1880 dixisse:
1148 1815 1204 1880 illa
1215 1816 1343 1898 expetiit
1355 1815 1464 1880 audire

335 1918 521 2000 sapientem,
554 1919 617 1983 ista
648 1938 708 1982 non
740 1920 865 1983 tantum
890 1919 1013 1984 audisse
1036 1920 1180 1983 contenta
1205 1918 1320 1983 meruit
1346 1918 1464 1984 seruire

335 2020 476 2103 sapienti.

304 2125 323 2188 7
377 2123 429 2188 Ad
443 2124 518 2189 haec
533 2123 768 2201 Postumiam,
783 2125 848 2188 iam
863 2124 996 2202 dudum,
1018 2124 1135 2206 inquit,
1158 2122 1264 2202 Galle,
1287 2123 1414 2190 audiens
1429 2126 1463 2189 te
1474 2135 1499 2176 ¹⁵

335 2225 512 2308 loquentem
527 2227 726 2292 uehementer
739 2227 876 2292 admiror
897 2227 1020 2310 reginae
1040 2226 1148 2292 fidem:
1172 2227 1226 2292 sed
1240 2226 1294 2292 ubi
1309 2226 1387 2291 illud
1403 2229 1463 2304 est,

334 2331 415 2412 quod
429 2329 516 2394 nulla
530 2349 679 2411 umquam
693 2330 809 2394 femina
822 2329 980 2395 ferebatur
994 2331 1119 2412 propius
1135 2329 1464 2408 adstitissebdartino?

305 2451 403 2504 uecce
428 2433 491 2498 ista
516 2433 622 2514 regina
647 2450 707 2497 non
731 2432 832 2497 solum
858 2433 996 2510 adstitit,
1021 2432 1189 2498 sedetiam
1204 2433 1406 2498 ministrauit.
1430 2437 1464 2498 et

335 2555 442 2602 uereor
466 2554 505 2600 ne
530 2535 592 2599 isto
618 2535 846 2616 aliquantulum
869 2555 901 2600 66
926 2536 1072 2600 tueantur
1097 2534 1235 2618 exemplo
1255 2537 1308 2618 qui
1329 2535 1465 2602 libenter

335 2637 459 2703 feminis
484 2638 670 2702 inseruntur.
694 2637 776 2702 Tum
798 2636 924 2716 Gallae,
953 2638 1028 2720 quid
1053 2640 1107 2716 tu,
1135 2638 1251 2719 inquit,
1280 2658 1341 2704 non
1366 2639 1502 2728 uides‚²⁰

335 2741 416 2822 quod
442 2739 541 2805 solent
566 2739 676 2804 dooere
701 2741 913 2823 grammatici,
935 2741 1052 2818 locum,
1076 2743 1199 2823 tempus
1222 2742 1254 2804 et
1281 2745 1467 2823 personam?

338 2862 470 2926 propone
485 2843 569 2907 enim
584 2842 643 2907 tibi
659 2843 730 2908 ante
744 2844 847 2908 oculos
863 2847 989 2926 captum
1003 2844 1036 2907 in
1051 2843 1168 2926 palatio
1182 2843 1377 2925 imperatoris
1392 2863 1465 2926 pre-

337 2947 424 3012 oibns
440 2946 567 3022 ambiri,
590 2947 715 3030 reginae
729 2945 788 3010 fide
810 2947 898 3030 cogi,
921 2945 1068 3028 temporis
1084 2946 1267 3011 necessitate
1282 2947 1452 3030 constringi

336 3053 373 3116 ut
399 3049 517 3115 clausos
553 3069 672 3114 carcere
707 3049 869 3128 liberaret,
903 3049 1003 3114 exiliis
1038 3047 1127 3113 datos
1157 3049 1349 3126 restitueret,
1383 3049 1463 3114 bona

338 3152 484 3236 adempta
498 3152 666 3218 rebiberet:
682 3153 757 3217 baec
772 3153 880 3233 quanti
895 3153 987 3234 putas
1002 3153 1141 3216 constare
1156 3151 1297 3234 episeopo
1309 3151 1460 3232 debuisse,
1472 3169 1498 3211 66

336 3257 372 3318 61
397 3274 452 3337 pro
477 3255 526 3320 his
552 3255 693 3320 omnibus
717 3274 777 3320 non
799 3255 1028 3336 aliquantidum
1048 3255 1086 3318 de
1101 3255 1201 3336 rigore
1216 3255 1365 3337 propositi
1380 3255 1461 3320 rela-

306 3361 444 3423 axaret?
466 3361 680 3423 cerumtamen
705 3358 778 3439 qnia
804 3358 959 3422 occasione
984 3357 1075 3421 huius
1102 3357 1232 3439 exempli
1257 3357 1338 3422 male
1352 3377 1462 3423 usuros

337 3480 403 3525 6666
428 3461 547 3541 aliquos
573 3461 751 3538 arbitraris,
779 3459 828 3524 illi
852 3478 923 3524 uero
947 3457 1051 3524 felices
1074 3461 1178 3536 erunt,
1202 3459 1229 3523 si
1255 3478 1273 3524 a
1299 3459 1463 3543 disciplina

336 3563 468 3645 exempli
488 3563 580 3628 istius
605 3582 665 3627 non
690 3563 842 3627 recedent.
866 3563 993 3627 uideant
1009 3563 1106 3640 enim,
1130 3562 1202 3645 quia
1217 3561 1351 3626 Martino
1367 3563 1464 3629 semel

390 3733 405 3788 1
425 3732 556 3785 1616616111
571 3732 596 3786 V
610 3734 622 3799 Η
639 3732 721 3785 castis
733 3733 838 3787 Fcorr.
896 3733 916 3788 4
934 3731 1026 3785 edente
1042 3731 1069 3784 V
1078 3734 1132 3785 ct2
1143 3731 1239 3799 optimi
1250 3731 1314 3784 labri
1328 3730 1462 3786 61661111.-

337 3818 443 3872 6116616
455 3817 528 3871 AFo
549 3819 561 3885 11
584 3818 707 3871 constitit
718 3817 744 3870 B
806 3817 822 3874 7
842 3818 951 3871 6666116
965 3818 1030 3882 AF,
1049 3817 1185 3871 coenulae
1208 3819 1220 3885 Η
1243 3816 1378 3886 absumpti
1391 3819 1461 3873 AV:

337 3905 468 3973 assumpti
480 3904 524 3958 Fe
546 3906 558 3970 11
581 3903 687 3972 colligit
702 3904 727 3958 V
779 3903 817 3960 10
835 3904 995 3957 solomonem
1012 3903 1050 3968 V,
1069 3903 1229 3972 sapientiam
1242 3903 1384 3957 salomonis
1400 3903 1467 3959 Fu

393 3977 428 4047 11
443 3990 489 4043 see
501 3989 623 4059 anor:
636 3990 681 4043 see
694 3990 745 4044 66
800 3990 836 4046 11
856 3989 999 4058 emetita*
1049 3989 1085 4045 13
1104 3989 1202 4043 merus
1218 3989 1254 4043 V:
1267 3989 1464 4044 66616661

337 4077 408 4130 AFv
462 4077 498 4134 15
516 4076 552 4128 Et
563 4076 748 4145 postumianus
765 4076 789 4129 V
809 4077 821 4142 11
845 4075 917 4143 galle
928 4077 955 4128 te
967 4075 1091 4142 loquente
1102 4075 1133 4128 F
1194 4073 1231 4130 16
1250 4074 1318 4128 illud
1329 4075 1376 4128 ubi
1388 4075 1464 4132 AFu

390 4160 610 4217 1761161661
645 4160 681 4216 18
693 4163 757 4227 fert.
765 4160 933 4214 ministrabit
943 4160 974 4213 ei.
987 4175 1076 4214 uereor
1111 4160 1151 4217 20
1162 4159 1347 4230 inserenturQ
1361 4161 1373 4228 ΙΙ
1391 4163 1464 4232 turn]

337 4246 972 4315 6111166611166-6616111611166111611.
1027 4246 1062 4301 21
1077 4244 1163 4299 dicere
1180 4247 1206 4299 V
1254 4246 1463 4304 succussu:

337 4333 495 4402 dampnatos
507 4335 534 4385 A
551 4335 562 4401 ΙΙ
579 4333 648 4386 bona
658 4332 700 4385 ad.
713 4331 847 4385 rebiberet
859 4349 907 4386 om.
921 4333 979 4386 AF
988 4332 1076 4384 etalii
1133 4331 1171 4390 25
1188 4332 1340 4388 redhiberet
1351 4335 1371 4386 2
1383 4333 1462 4388 codd.

343 4417 870 4487 (1166111661661116161611661,
941 4417 978 4474 28
997 4417 1161 4485 eliquescat
1181 4419 1218 4472 Vc
1291 4418 1329 4476 29
1348 4420 1465 4488 exempli

338 4503 418 4558 istius
432 4503 532 4558 BMV:
551 4502 663 4572 exempli
675 4504 756 4557 istius
768 4502 821 4557 uiri
833 4503 916 4573 FQra
936 4503 1017 4556 istius
1029 4503 1082 4556 uiri
1095 4503 1208 4572 exempli
1220 4505 1245 4557 A
