3300 5142
281 522 323 585 78
690 519 830 573 Firmici
852 520 997 573 Materni

281 676 405 753 terium,
422 676 497 757 qnid
507 676 697 742 miserandae
707 675 981 740 animaduersionis
988 674 1140 739 exitium?
1156 675 1411 756 quiderrantihus

280 778 458 844 hominihus
475 780 508 845 et
521 779 706 861 simpliciter
715 797 840 861 peccare
853 778 1046 860 cupientibus
1062 778 1100 843 do
1111 778 1206 843 sacris
1214 778 1278 843 tuis
1293 780 1413 844 malum

279 882 433 946 monstras
448 883 645 966 exemplum?
659 881 787 965 physica
804 881 884 947 ratio
901 900 995 963 quam
1006 881 1082 945 dicis
1094 882 1155 946 alio
1167 900 1276 966 genere
1287 881 1412 947 celetur.

177 1001 269 1050 666.
281 983 355 1065 qnid
382 986 488 1050 autem
524 986 616 1051 celari
647 986 784 1068 oportuit
821 986 903 1067 qnod
922 986 926 1067 Ι
946 985 1088 1051 omnibus
1122 986 1231 1051 uotum
1260 986 1329 1049 est?
1358 1004 1414 1049 cur

161 1079 169 1097 '
251 1087 427 1171 aplangitis
443 1087 546 1173 fruges
561 1089 706 1153 terraect
720 1089 889 1154 crescentia
911 1088 1026 1173 lugetis
1042 1088 1181 1153 semina?
1210 1088 1250 1153 ad
1265 1088 1411 1153 substan-
1434 1108 1448 1148 6

279 1190 359 1255 tiam
384 1192 504 1275 generis
519 1191 646 1255 humani
673 1192 747 1257 haec
768 1191 873 1257 omnia
888 1191 995 1257 diuina
1017 1192 1132 1257 summi
1147 1192 1206 1257 Dei
1221 1190 1410 1256 liberalitato

278 1293 392 1359 donata
406 1295 494 1358 sunt:
517 1294 652 1378 agendae
674 1296 747 1360 snut
767 1312 888 1359 summo
903 1294 968 1360 Deo
986 1295 1104 1379 gratiae
1115 1295 1239 1377 proptor
1258 1294 1330 1371 hoc,
1353 1313 1410 1360 nec

278 1399 328 1462 ost
350 1399 465 1463 summi
485 1398 545 1463 Dei
561 1398 695 1483 lugenda
716 1397 852 1482 largitio.
882 1397 991 1463 deflete
1013 1399 1116 1480 potius
1138 1397 1220 1479 quod
1242 1397 1353 1462 erratis
1377 1398 1409 1462 et

278 1517 412 1565 errorem
438 1503 576 1567 nestrum
603 1501 785 1567 restauratis
810 1518 931 1583 semper
962 1500 1100 1566 luctibus
1126 1500 1279 1584 plangite:
1312 1499 1408 1564 nolite
1482 1542 1484 1545 -

279 1602 388 1667 annuis
410 1604 505 1669 sacris
526 1623 670 1687 quaerere
691 1605 784 1670 funus
807 1604 960 1669 alienum:
984 1605 1096 1669 uostris
1119 1604 1222 1685 potius
1247 1602 1408 1668 funeribus
1418 1628 1447 1667 ιο

245 1706 384 1788 operate
406 1705 520 1773 solacia
541 1726 596 1789 per
617 1725 710 1772 anuos
733 1708 881 1793 singulos.
913 1725 931 1770 o
954 1707 1175 1772 miserhomo!
1199 1705 1352 1771 inuenisse
1376 1707 1407 1771 te

277 1808 379 1873 nescio
401 1810 476 1892 quid
496 1810 626 1894 gaudes,
650 1829 721 1875 cum
735 1812 872 1877 animam
887 1814 976 1877 tuam
990 1830 1026 1888 or
1047 1810 1117 1877 istis
1132 1811 1227 1876 sacris
1242 1830 1296 1894 por
1311 1827 1408 1875 annos

276 1912 416 1995 singulos
430 1912 549 1995 perdas.
569 1913 649 1978 nihil
663 1914 730 1979 illie
743 1914 864 1980 iuuenis
879 1915 940 1979 nisi
955 1914 1167 1993 simulacrum,
1180 1914 1262 1997 qnod
1273 1914 1339 1996 ipse
1350 1932 1406 1997 po·

277 2016 383 2094 suisti,
406 2017 467 2080 nisi
490 2017 571 2098 qnod
591 2019 705 2083 iterum
726 2020 781 2084 aut
803 2038 931 2102 quaeras
952 2020 1007 2083 aut
1023 2018 1140 2103 lugeas.
1176 2036 1288 2100 quaere
1302 2016 1407 2098 potius

276 2138 363 2200 spem
377 2118 498 2198 salutis,
516 2139 626 2202 quaere
641 2121 800 2187 exordium
815 2122 905 2199 lueis,
931 2139 1042 2205 quaere
1058 2120 1139 2201 quod
1153 2120 1186 2184 te
1201 2137 1323 2185 summo
1338 2119 1404 2183 Deo
1416 2145 1442 2182 1⁵

275 2224 332 2287 aut
345 2222 539 2287 commendet
553 2226 608 2289 aut
622 2225 739 2303 reddat,
759 2226 790 2289 ot
804 2244 877 2291 cmn
892 2244 999 2291 ueram
1013 2225 1099 2290 uiam
1115 2223 1224 2288 6616116
1239 2222 1404 2300 inueneris,

274 2326 375 2410 gaude
400 2326 432 2389 et
457 2326 531 2389 tunc
555 2327 656 2392 crecta
681 2329 829 2393 sermonis
855 2328 999 2394 libertate
1022 2327 1196 2410 proclama:
1219 2317 1405 2412 εὑρήκαμεν,

274 2427 500 2513 συγχαίρομεν,
525 2448 596 2495 cum
617 2432 655 2497 ab
677 2431 726 2496 his
741 2432 974 2497 calamitatibus
995 2434 1064 2514 post
1078 2431 1302 2514 paonitentiam
1315 2430 1405 2496 tuam

276 2534 392 2597 summi
405 2533 464 2597 Dei
480 2534 574 2599 fueris
588 2534 783 2619 indulgentia
796 2535 956 2600 liberatus.

245 2632 266 2693 3
319 2636 473 2720 Phryges,
497 2636 550 2719 qui
572 2638 756 2702 Pessinunta
777 2637 916 2703 incolunt
943 2640 1024 2703 circa
1044 2638 1127 2703 Galli
1149 2636 1288 2702 fluminis
1310 2636 1442 2718 ripense

275 2739 375 2803 terrae
389 2740 560 2804 ceterorum
581 2740 803 2805 elementorum
822 2740 965 2807 tribuunt
980 2740 1187 2823 principatum
1203 2741 1235 2805 61
1248 2740 1326 2804 hanc
1345 2756 1402 2803 uo-

272 2840 343 2905 lunt
357 2842 496 2907 omnium
511 2860 577 2907 esso
597 2844 739 2908 matrem.
763 2844 873 2909 deinde
888 2847 924 2909 61
940 2846 971 2909 61
986 2844 1045 2926 ipsi
1060 2862 1197 2909 aunuum
1218 2842 1277 2907 sibi
1299 2859 1401 2907 sacro-

271 2964 342 3009 rum
357 2945 495 3011 ordinem
510 2946 656 3024 facerent,
679 2946 819 3012 mulieris
836 2948 944 3013 diuitis
964 2966 1000 3013 ac
1020 2948 1143 3032 reginae
1165 2966 1237 3011 suae
1252 2964 1399 3023 amorem,

270 3067 350 3129 quae
365 3049 463 3114 fastus
479 3049 575 3114 amati
589 3050 795 3116 adulescentis
811 3051 969 3133 tyrannice
984 3050 1086 3115 uoluit
1100 3050 1222 3128 ulcisci,
1246 3069 1317 3115 cum
1331 3050 1399 3113 luc·

270 3150 355 3215 tibus
370 3152 480 3217 annuis
496 3154 724 3231 consecrarunt,
749 3155 781 3217 et
794 3156 831 3217 nt
846 3154 921 3218 satis
936 3154 1034 3219 iratae
1049 3154 1174 3219 mulieri
1190 3154 1325 3219 facerent
1345 3154 1399 3217 661
1409 3175 1435 3214 rr

269 3256 307 3318 61
327 3254 496 3337 paenitenti
517 3254 666 3319 solacium
688 3257 881 3338 quaererent,
906 3275 996 3338 quem
1017 3258 1109 3340 paulo
1131 3258 1201 3321 ante
1217 3256 1399 3339 sepelierant

271 3358 418 3422 reuixisse
443 3357 615 3436 iactarunt,
649 3360 680 3422 et
706 3377 777 3423 cnm
803 3359 943 3425 mulieris
964 3360 1086 3425 animus
1114 3378 1149 3423 ex
1177 3358 1394 3442 impatientiul

269 3460 360 3524 nimii
375 3462 488 3526 amoris
503 3462 636 3540 arderet,
659 3466 780 3526 mortuo
805 3462 994 3531 adulescente¹
1019 3464 1130 3545 tarrpla
1152 3462 1298 3528 iecerunt.
1322 3467 1398 3527 1666

270 3562 352 3645 qood
367 3563 448 3627 irata
472 3563 585 3629 mulier
604 3582 659 3646 pro
674 3565 801 3629 iniuria
817 3569 937 3649 spretae
952 3567 1065 3631 fecerat
1080 3566 1210 3644 formae,
1233 3566 1291 3631 hoc
1311 3564 1397 3628 ordi-

270 3669 660 3752 661666666116616666
681 3669 861 3736 sacerdotes.
886 3671 931 3735 sic
946 3670 1054 3735 666616
1075 3670 1169 3734 sacris
1192 3690 1263 3734 curu
1285 3669 1433 3735 honoreac

267 3773 367 3835 torrae
382 3771 475 3835 istius
500 3771 615 3836 funeris
640 3790 753 3855 pompa
778 3773 986 3855 componitur,
1010 3774 1042 3837 61
1067 3793 1137 3836 curo
1162 3772 1397 3855 persuaderetur

267 3874 444 3941 hominibus
457 3876 538 3957 quod
550 3877 652 3940 colant
663 3877 788 3954 tanam,
805 3878 910 3941 miseri
921 3878 1043 3958 ferreris
1055 3878 1245 3941 uenerantur
1256 3877 1394 3941 exitium.

319 4063 414 4116 46611
426 4063 453 4115 P
510 4065 528 4120 5
541 4064 649 4117 litterae
660 4068 747 4118 terrac
760 4067 853 4118 oteres
864 4065 1081 4118 cuouuerurrtirc
1090 4064 1118 4117 P
1134 4067 1145 4132 ΙΙ
1162 4063 1343 4117 substantiam
1352 4063 1393 4116 P:

268 4148 490 4201 sustentationem
502 4166 520 4201 a
572 4150 608 4205 14
619 4149 690 4204 nihil
701 4151 771 4219 quod
785 4150 881 4205 Ordior
889 4171 898 4217 ‚·
910 4152 935 4204 si
946 4150 1013 4219 quid
1025 4149 1203 4217 mutandam,
1216 4150 1275 4217 ipse
1286 4150 1393 4203 ordior:

267 4233 338 4287 nihil
349 4233 404 4287 nisi
414 4234 483 4302 qnod
538 4236 573 4292 17
593 4237 721 4290 eremaP
739 4238 752 4303 ιι
776 4236 1069 4303 ΟΥΝΧΕΡομΕΝΡ
1129 4234 1168 4290 20
1186 4235 1347 4288 Pessinunta
1359 4235 1393 4297 P,

266 4320 453 4373 Pessinuntem
465 4337 483 4373 6
535 4320 573 4377 28
591 4323 624 4376 irc
634 4324 680 4389 fol.
695 4324 726 4378 3·
740 4324 829 4376 multa
841 4322 975 4376 66661616
988 4322 1216 4375 contuerentur
1233 4322 1303 4375 16616
1316 4322 1393 4387 diffi-

265 4408 368 4462 solima
388 4416 454 4462 6661
506 4409 542 4466 29
560 4410 712 4464 ordinantes
725 4427 743 4463 6
804 4411 841 4467 31
861 4410 1113 4479 persuadereturP:
1136 4408 1310 4477 persuadetur
1328 4409 1393 4463 Wo-

265 4510 364 4550 rcerus.
383 4496 574 4563 persuadeatur
587 4498 725 4561 Bursian,
744 4500 778 4564 cf.
803 4498 926 4552 Iudicem
945 4498 1000 4551 ΙΙΙ.
1015 4512 1033 4550 s.
1048 4515 1074 4550 6.
1089 4497 1229 4550 modorum
1241 4498 1394 4550 coruscatio
