3300 5142
605 557 721 616 Chrom
739 558 775 624 Π,
795 555 913 616 12-14.
1281 561 1323 627 69

206 737 329 786 causum
344 718 419 784 dari.
442 717 554 783 Esther
569 713 766 782 lamentantis
781 731 854 780 voce
873 714 972 780 excita
985 732 1060 794 rem,
1076 716 1113 780 ut
1127 716 1200 794 erat,
1215 731 1353 800 cogno-t

205 823 276 888 scit.
299 825 454 888 tumuere
477 839 586 902 anceps
610 818 741 897 consilii,
764 817 837 901 quia
852 819 984 883 adeundi
998 836 1103 903 regern
1117 819 1252 900 potestas
1265 835 1326 884 non

206 925 273 992 erat
286 959 327 972 -
343 923 457 990 etenim
483 939 567 988 more
580 921 744 988 Persarum
770 921 895 1006 reginae
918 921 1046 988 introire
1071 921 1110 986 ad
1135 940 1240 1006 regom
1264 921 1325 987 uisi

207 1026 370 1094 accersitae
380 1025 531 1106 nonlicet,
543 1044 598 1091 nec
608 1025 722 1104 tamen,
733 1042 804 1090 cum
816 1023 1131 1109 lueritregilihitum
1142 1024 1197 1090 sed
1208 1024 1324 1090 statuto

186 1131 343 1212 stempore
356 1129 535 1194 admittitur
550 1166 590 1175 -
605 1130 637 1195 ot
651 1128 730 1194 forte
744 1130 812 1194 tum
827 1129 874 1193 ita
890 1129 1048 1207 euenerat,
1072 1129 1109 1192 ut
1122 1127 1230 1192 diebus
1250 1143 1325 1192 xxx

206 1232 351 1314 proximis
358 1234 496 1314 separata
506 1251 525 1298 a
535 1233 696 1314 conspectu
709 1231 791 1316 rogis
796 1232 909 1296 Esther
918 1231 1089 1297 haberetur.
1101 1231 1201 1315 igitur
1210 1230 1355 1312 auden-6

206 1336 281 1400 dum
295 1335 412 1419 aliquid
426 1353 479 1418 pro
494 1335 615 1401 ciuibus
629 1337 705 1416 rata,
720 1335 779 1400 etsi
794 1336 877 1400 cortu
889 1334 985 1418 pestis
1001 1335 1130 1414 adesset,
1151 1333 1279 1416 pulchro
1293 1332 1326 1398 in

206 1438 328 1526 negotio
342 1439 520 1505 occumbere
534 1439 649 1522 parata,
664 1438 804 1504 inuocato
818 1438 904 1521 prius
918 1438 993 1518 Deo,
1008 1438 1112 1504 aulam
1127 1437 1210 1522 regia
1223 1437 1326 1522 ingre·

206 1541 299 1607 ditur.
322 1543 355 1606 at
375 1541 522 1608 barbarus
543 1561 576 1608 re
597 1542 722 1608 insolita
742 1559 912 1625 percussus,
934 1541 1087 1624 paulatim
1115 1539 1325 1606 blandimento

173 1645 352 1724 ,umuliebri
363 1645 518 1726 delinitus,
541 1646 694 1728 postremo
705 1645 744 1710 ad
755 1664 862 1712 cenam
873 1645 996 1730 reginae
1006 1643 1191 1727 perducitur,
1207 1661 1326 1726 unaque

207 1766 279 1814 oum
292 1748 348 1815 illo
370 1748 473 1814 Amen
494 1747 549 1816 ille
570 1749 636 1834 regi
658 1767 745 1816 eurus
767 1751 799 1816 et
820 1748 950 1816 Iudaeae
963 1747 1050 1834 genti
1064 1746 1203 1812 infestus.
1228 1746 1354 1831 igiturq

208 1870 279 1918 cum
300 1853 363 1918 iam
389 1855 459 1936 post
479 1853 585 1936 epulas
604 1854 713 1919 multis
734 1853 852 1937 poculis
866 1852 1043 1919 conuiuium
1058 1852 1155 1917 colere
1169 1850 1324 1933 coepisset,

208 1955 319 2022 Esther
333 1956 463 2042 genitus
472 1957 553 2042 regis
564 1956 750 2036 aduoluitur,
766 1957 868 2042 gentis
879 1975 952 2022 suae
961 1955 1127 2039 pumiciem
1138 1955 1324 2037 deprecatur.

209 2078 261 2124 rex
275 2077 346 2126 uero
359 2059 439 2126 nihil
453 2079 486 2127 se
500 2060 627 2143 potenti,
656 2061 683 2125 si
698 2060 771 2144 quid
786 2060 869 2126 ultre
882 2062 1015 2142 peteret,
1038 2060 1222 2143 negaturum
1235 2056 1327 2140 polli-

176 2193 202 2234 1⁵
210 2164 305 2230 cetur.
328 2166 396 2230 tum
418 2165 529 2231 Esther
550 2164 669 2246 arrepto
691 2165 827 2247 tempore
849 2163 978 2228 Amanis
1000 2164 1131 2228 mortem
1151 2159 1275 2246 flagitat
1295 2161 1356 2234 ius

211 2267 359 2333 ultionem
380 2268 491 2353 gentis,
514 2287 606 2351 quam
626 2267 779 2350 perditam
801 2266 946 2348 cupierat.
969 2267 1023 2331 sed
1038 2284 1090 2331 rer
1104 2265 1195 2331 amici
1210 2281 1328 2331 memor

208 2370 362 2454 paulisper
383 2373 544 2438 cunctatus
565 2370 753 2436 deliberandi
776 2370 879 2454 gratia
891 2369 1047 2435 modicum
1061 2369 1195 2435 secessit.
1217 2367 1326 2432 deinde

209 2492 364 2559 regressus
378 2479 413 2539 ut
427 2474 510 2540 uidit
523 2474 626 2540 Aman
639 2474 761 2559 reginae
776 2493 877 2559 genua
890 2473 1091 2556 complexum,
1106 2489 1268 2538 succensus
1281 2471 1329 2536 ira

211 2579 244 2643 et
264 2579 432 2662 appetitum
446 2579 583 2664 reginam
598 2578 774 2658 clamitans,
797 2579 896 2643 morte
910 2595 982 2642 oum
995 2576 1078 2643 adici
1092 2576 1187 2643 iubet.
1208 2579 1241 2642 et
1259 2577 1356 2656 turno

179 2681 279 2766 reregi
294 2683 493 2764 compertum,
515 2701 643 2764 poenam
664 2682 762 2747 crucis
776 2701 831 2765 per
844 2681 947 2746 Aman
959 2680 1160 2746 Mardochaeo
1179 2680 1327 2763 paratam.

214 2784 258 2849 itu
268 2785 370 2850 Amen
384 2785 507 2851 eaodem
523 2786 605 2851 cruci
619 2785 767 2871 alligitur,
783 2785 945 2868 omniaque
958 2785 1037 2850 hona
1050 2785 1116 2850 eius
1130 2784 1329 2850 Mardochaeo

210 2888 283 2956 data
296 2889 462 2973 Iudeeique
484 2890 556 2956 suut
577 2889 719 2956 absoluti.
742 2889 922 2956 Autonomos
938 2889 1080 2974 regnauit
1096 2905 1191 2955 annos
1205 2889 1281 2954 duos
1296 2888 1329 2952 et

210 3009 267 3072 ux,
290 2992 448 3075 eidemque
470 2991 572 3060 Ochus
592 2993 747 3060 suecessit.

251 3095 334 3162 Huic
355 3115 458 3163 rerum
472 3097 571 3162 ordini
587 3098 668 3162 recte
683 3097 789 3162 Iudith
804 3098 890 3162 actus
904 3113 1075 3162 conseram:
1096 3095 1230 3162 traditur
1244 3094 1326 3160 enim
1341 3118 1378 3184 ῃ

177 3199 279 3282 „post
299 3199 514 3282 captiuitatem
547 3200 655 3280 fuisse,
689 3201 742 3266 sed
769 3201 839 3284 quis
860 3219 894 3266 eo
926 3201 1062 3284 tempore
1083 3199 1186 3264 Persis
1217 3217 1328 3284 regna·

210 3301 300 3383 uerit,
312 3301 441 3370 historia
450 3304 557 3370 diuina
566 3322 626 3370 uon
637 3304 749 3370 edidit:
774 3323 878 3390 regem
889 3305 1007 3384 tamen,
1031 3304 1087 3369 sub
1104 3303 1330 3388 quoillagesta

210 3405 283 3486 sint,
298 3405 573 3474 Nabuchodonosor
586 3410 750 3491 nuncupat,
772 3426 833 3473 non
854 3408 960 3492 utique
976 3427 1057 3488 eum,
1079 3407 1132 3491 qui
1146 3407 1325 3491 Hierosoly·

211 3528 295 3574 marn
306 3511 488 3594 ceperitsed
498 3511 620 3577 nullum
629 3512 687 3578 hoc
696 3513 817 3578 nomine
828 3513 898 3595 post
906 3512 1120 3594 captiuitatem
1131 3512 1213 3594 apud
1219 3511 1359 3590 Persas2

211 3631 352 3698 regnasse
366 3616 490 3698 reperio,
505 3615 566 3682 uisi
581 3616 608 3682 si
619 3615 871 3700 obninpotentiam
885 3617 916 3682 et
930 3615 1041 3699 pariles
1051 3616 1177 3682 conatum
1188 3616 1329 3699 quicum·

314 3803 485 3865 aucune.
524 3771 704 3862 reuerent.
741 3804 888 3864 attente
902 3805 926 3864 1.

263 3959 283 4018 8
299 3963 395 4032 puato
411 3959 446 4016 ce
463 3963 564 4017 Prae:
582 3963 660 4032 parat
677 3963 720 4016 Pe
748 3963 761 4030 ιι
788 3961 821 4018 ue
839 3963 868 4016 P
883 3977 953 4018 cm.
971 3967 1033 4018 rec
1052 3977 1087 4018 ee
1102 3945 1167 4016 uni:
1184 3959 1331 4017 nonnos

263 4045 457 4118 9pereulaush
510 4048 548 4106 10
558 4049 691 4112 ooeunmt
744 4049 780 4106 11
792 4048 883 4119 gentis
895 4049 935 4119 P,
948 4065 995 4104 aaa
1013 4049 1171 4104 Omitto
1224 4048 1260 4106 13
1272 4065 1330 4119 per·

213 4131 308 4188 titiam
320 4134 348 4190 P
402 4133 440 4192 17
452 4137 592 4190 ementur
603 4133 846 4206 deliberandiqueh
893 4133 931 4193 1s
943 4137 975 4190 ut
983 4134 1054 4190 uidit
1066 4135 1209 4206 Sipontum
1222 4135 1293 4190 uidit
1304 4137 1332 4190 P

265 4219 304 4278 20
321 4222 483 4291 compertum
500 4223 591 4276 arath
669 4223 707 4278 21
727 4221 814 4292 eodem
833 4223 874 4279 P:
892 4221 1004 4277 eidemt
1081 4221 1121 4280 22
1138 4225 1285 4277 merses
1303 4223 1332 4278 P

264 4306 303 4364 23
320 4307 612 4380 uxsztSo'pont'ua5
624 4307 968 4367 coettadtPrutcceaoct
978 4309 1210 4377 terraturium
1220 4325 1258 4364 xn
1268 4310 1332 4380 (pro

213 4390 265 4447 dno
276 4395 551 4464 stupescentem
562 4411 618 4451 oeae
661 4394 701 4454 at
712 4413 847 4452 conseram
856 4398 891 4468 P,
902 4404 935 4454 ut
943 4399 1013 4455 mat
1022 4398 1158 4454 mooe.-
1170 4397 1301 4453 oouferam
1313 4397 1330 4452 h

265 4478 304 4536 26
321 4483 400 4550 gesta
417 4484 480 4537 suut
496 4482 611 4540 mdabat
623 4482 657 4538 ote
673 4484 762 4540 Proto
813 4485 851 4542 29
870 4488 1058 4557 inpatientiam
1073 4489 1116 4562 P,
1139 4506 1186 4546 em.
1200 4489 1331 4561 &postiae

225 4567 238 4636 ΙΙ
260 4566 391 4640 (illitumq.
405 4571 433 4628 P
444 4577 469 4628 et
485 4569 627 4644 dicento:
646 4574 780 4643 quieumt
