3300 5142
339 526 402 591 116
747 523 894 579 Firmici
915 522 1065 578 Materni

336 680 505 744 hominis
527 680 687 746 ueniens
709 680 819 745 uenit
841 699 959 763 usque
989 680 1034 747 ad
1062 682 1232 746 ueterem
1260 681 1410 746 dierum
1433 684 1472 746 et

337 784 452 848 stetit
474 783 512 849 in
534 785 744 865 conspectu
767 783 851 848 eius
881 786 918 849 et
947 783 1012 866 qui
1043 783 1291 851 adsistebant
1319 784 1470 867 optule-

336 889 428 951 runt
450 906 547 965 eum,
571 889 606 952 et
630 887 720 953 data
741 888 801 951 est
822 886 855 951 ei
877 886 1050 968 potestas
1073 886 1408 972 regiaetrcguum
1431 888 1470 951 et

336 990 458 1054 omnis
481 990 647 1055 claritas
669 991 706 1055 et
728 1008 857 1056 omnes
884 1007 993 1074 reges
1025 991 1150 1055 tarrae
1178 988 1353 1055 seruient
1375 989 1408 1055 ei
1432 992 1470 1053 et

335 1095 509 1175 potestas
531 1095 614 1159 eius
636 1096 808 1172 aeterna,
832 1112 926 1177 quae
947 1110 1019 1159 uon
1041 1093 1238 1159 auferetur
1253 1095 1291 1159 et
1306 1110 1469 1177 regnum
1494 1120 1508 1155 e

223 1198 421 1263 teruncius
442 1215 513 1262 non
535 1186 823 1281 corrumpetur.'
860 1197 935 1263 haec
956 1196 1063 1263 eadem
1082 1196 1170 1261 nobis
1189 1197 1194 1278 Ι
1214 1197 1322 1262 sancta
1348 1195 1470 1261 reuela-

306 1301 417 1371 ttiono
432 1300 651 1379 monstrantur,
666 1300 844 1367 inuenimus
865 1299 948 1367 enim
971 1300 1004 1365 in
1018 1298 1206 1383 Apocalypsi
1232 1299 1279 1365 ita
1304 1317 1370 1365 csse
1395 1318 1469 1380 per-

334 1403 499 1486 scriptum:
533 1394 582 1469 ‘et
614 1420 822 1469 conuersus
853 1422 935 1467 sam
968 1404 1004 1468 et
1036 1402 1186 1485 respexi
1219 1403 1261 1467 ut
1293 1402 1470 1467 uiderem

333 1524 477 1585 uocem,
501 1524 597 1589 qnae
618 1524 765 1572 mecum
787 1506 1038 1589 loquebatur,
1061 1508 1099 1571 et
1114 1505 1197 1571 uidi
1219 1506 1366 1589 septem
1381 1522 1470 1569 can·

333 1610 495 1675 delabra
516 1628 631 1676 aurea
654 1611 691 1676 et
723 1610 761 1675 in
792 1609 917 1676 medio
947 1609 1262 1675 candelabrorum
1291 1608 1505 1673 similemur

333 1713 416 1780 filii
438 1714 606 1779 bominis
628 1714 821 1781 uestitum
843 1713 1023 1795 poderem
1046 1715 1083 1779 et
1106 1713 1192 1777 orat
1218 1710 1467 1793 praecinctus

333 1836 447 1900 supra
467 1835 647 1883 mammas
668 1834 799 1881 zonam
821 1833 989 1882 auream:
1024 1817 1141 1897 caput
1162 1815 1289 1880 autem
1317 1813 1401 1879 eius
1429 1818 1468 1879 et

333 1921 469 2005 capilli
492 1921 602 1986 erant
622 1920 703 1985 albi
726 1919 836 1985 uelut
858 1919 948 1985 lana
970 1918 1072 1997 alba,
1095 1918 1230 1997 utrix,
1253 1916 1358 1983 oculi
1379 1916 1468 1981 eius

333 2025 375 2089 ut
396 2022 681 2108 flammaignis
714 2023 751 2088 et
783 2022 897 2105 podes
930 2022 1014 2087 eius
1049 2022 1200 2087 similes
1234 2020 1468 2086 aurichalco

332 2128 438 2194 sieut
460 2128 503 2195 de
524 2127 681 2193 fornace
703 2125 818 2211 ignea
840 2131 972 2193 atuor
995 2124 1077 2191 eius
1092 2126 1134 2189 ut
1149 2144 1264 2190 sonus
1280 2142 1504 2207 aquarumn

331 2232 558 2311 multarum,
581 2230 798 2296 ethabebat
819 2229 860 2294 in
883 2230 1042 2295 dextera
1063 2248 1131 2295 sua
1152 2230 1299 2312 septem
1321 2227 1468 2294 stellas

234 2414 249 2429 ·
332 2338 370 2401 et
383 2354 433 2400 er
459 2352 522 2401 ore
549 2336 633 2400 eius
661 2334 820 2419 gladius
849 2352 890 2399 er
920 2335 1086 2416 utroque
1114 2332 1250 2399 acutus
1279 2333 1317 2396 et
1339 2330 1466 2397 facies

330 2438 416 2503 cias
438 2438 672 2521 splendebat
694 2438 735 2502 ut
757 2437 817 2503 sol
839 2436 878 2502 in
901 2437 1050 2502 uirtute
1072 2454 1153 2501 sua:
1176 2437 1217 2501 et
1238 2453 1320 2501 oum
1341 2434 1467 2500 uidis-

331 2558 422 2619 sem,
446 2541 569 2605 cecidi
591 2540 636 2605 ad
657 2540 770 2623 pedes
793 2541 876 2605 eius
898 2541 1100 2623 tamquam
1130 2540 1319 2616 marinna,
1350 2540 1388 2603 ot
1409 2537 1467 2601 in-

329 2643 462 2725 posuit
484 2644 680 2709 denteram
702 2662 807 2709 suam
830 2662 944 2727 super
965 2661 1022 2708 me
1042 2641 1189 2709 dicens:
1212 2642 1295 2708 noli
1309 2642 1508 2712 timerem

331 2764 401 2830 ego
423 2764 503 2812 sum
525 2747 672 2829 primus
693 2748 730 2812 et
755 2747 992 2812 nouissimus
1021 2748 1058 2811 ot
1086 2746 1198 2811 uiuus
1226 2745 1290 2829 qui
1318 2744 1467 2810 fueram

330 2850 505 2914 mortuus
534 2850 573 2915 ot
600 2868 685 2916 ecce
715 2868 798 2915 sum
825 2850 961 2915 uiuens
984 2849 1199 2916 insaecula
1222 2847 1467 2913 saeculorum

302 2953 368 3018 set
388 2952 506 3017 babeo
529 2954 657 3018 claues
679 2954 816 3019 mortis
847 2954 884 3018 et
905 2945 1141 3019 inferorum'
1171 2953 1241 3035 pest
1267 2951 1468 3016 resurrectio-

330 3073 402 3121 nem
417 3054 512 3120 etiam
526 3071 598 3121 eum
612 3055 774 3140 discipulis
789 3056 854 3122 suis
869 3057 958 3122 daret
973 3058 1056 3122 certa
1066 3056 1221 3134 mandata,
1236 3054 1467 3119 immortalium

330 3157 549 3224 mandatorum
563 3158 702 3225 ordinem
718 3160 780 3225 ista
794 3159 864 3243 lege
879 3158 1046 3225 conclusit:
1066 3152 1169 3225 ‘data
1190 3159 1250 3224 est
1270 3158 1366 3223 mihi
1389 3177 1466 3223 om·
1478 3188 1504 3228 a

330 3261 388 3326 nis
411 3263 584 3345 potestas
606 3261 644 3327 in
666 3262 770 3327 caelo
793 3262 830 3327 et
852 3262 889 3328 iu
911 3265 1038 3328 terra:
1069 3262 1124 3327 ite
1147 3280 1234 3347 crgo
1266 3264 1303 3329 et
1331 3261 1466 3327 docete

330 3366 467 3448 gentes
489 3382 638 3444 omnes,
674 3366 928 3449 baptizantes
950 3384 1011 3431 eos
1034 3365 1072 3431 in
1094 3366 1254 3431 nomine
1276 3364 1402 3450 patris
1425 3366 1467 3428 et

432 3552 548 3621 espec.
568 3553 592 3620 1,
613 3552 731 3611 12-18.
769 3555 807 3614 25
825 3554 925 3609 Matth.
943 3554 990 3621 28,
1013 3554 1131 3615 18-20.

381 3724 400 3782 3
418 3726 538 3794 potestas
550 3723 626 3794 regia
642 3727 670 3778 et
687 3741 778 3781 omnes
789 3743 867 3797 reges
878 3730 966 3784 terrae
978 3732 1007 3785 et
1019 3746 1132 3799 regnum
1144 3732 1172 3784 et
1184 3728 1271 3784 omnis
1284 3729 1395 3783 claritas
1408 3744 1466 3783 ser·

328 3810 404 3864 uierrt
420 3810 446 3864 ei
464 3811 492 3865 P
507 3816 533 3865 et
546 3809 606 3865 edd.
625 3826 704 3880 pam
720 3813 868 3868 uerborum
884 3816 1010 3871 ordinem
1026 3816 1168 3871 turbatam
1181 3831 1237 3870 esee
1249 3820 1384 3884 apparet:
1405 3816 1467 3871 atio

327 3896 450 3964 qweetio
461 3901 515 3965 eet,
533 3913 602 3951 aum
613 3898 769 3953 momoria
780 3900 928 3955 uerborum
941 3903 1158 3970 transpositione
1170 3909 1244 3958 totas
1256 3902 1332 3957 acus
1343 3906 1466 3957 sanotae

331 3980 382 4048 ot,
399 3997 461 4035 cum
471 3982 539 4038 haec
551 3982 679 4053 leputatur
690 3984 723 4038 in
734 3984 836 4039 LXX:
864 3990 912 4040 καὶ
924 3986 999 4057 αὐτῷ
1017 3985 1105 4055 ἐδόθη
1123 3988 1139 4055 ἡ
1158 3986 1228 4064 ἀρχῆ
1243 3992 1291 4043 καὶ
1303 3988 1319 4056 ἡ
1332 3988 1401 4059 τιμὴ
1414 3994 1466 4041 καὶ

330 4066 345 4133 ἡ
366 4070 506 4136 βασιλεία,
546 4071 595 4122 καὶ
614 4065 717 4131 πάντες
737 4072 766 4124 οἱ
786 4075 862 4139 λαοί,
893 4076 993 4144 φυλαί,
1024 4076 1146 4145 γλῶσσαι
1166 4074 1240 4145 αὐτῷ
1262 4072 1429 4131 δουλεύουσι

326 4153 348 4210 4
365 4153 481 4208 seruiuit
501 4172 520 4208 α
591 4155 778 4215 bauiertura
855 4158 874 4217 8
893 4175 951 4213 sum
972 4160 1084 4215 addidit
1103 4162 1231 4216 Bursian
1253 4163 1265 4230 ΙΙ
1289 4163 1317 4216 et
1337 4176 1387 4216 om.
1409 4178 1428 4215 α

329 4240 365 4297 11
379 4239 436 4293 filio
448 4257 467 4294 a
486 4242 499 4307 ΙΙ
519 4240 650 4297 uestitum
660 4241 789 4311 pudorem
795 4244 834 4309 P,
847 4245 950 4299 uestitu
962 4246 1058 4316 podere
1069 4263 1102 4315 o‚·
1118 4254 1147 4302 ot
1160 4254 1199 4303 cst
1210 4248 1243 4301 in
1255 4252 1335 4301 tacta
1345 4264 1463 4318 praeeo:

327 4325 518 4396 ἐνδεδυμένον
531 4324 644 4402 ποδήρη
707 4328 743 4385 12
756 4344 914 4386 zonaaurea
926 4348 945 4387 a
1004 4333 1039 4389 14
1057 4333 1227 4388 auricalcoP
1292 4332 1329 4390 17
1347 4333 1414 4400 sort.
1429 4352 1463 4390 ex

326 4428 372 4465 ore
384 4412 442 4467 eius
454 4412 544 4465 exiens
556 4413 613 4481 (ael
624 4414 728 4484 exibat)
739 4414 847 4484 gladius
911 4418 947 4475 18
966 4419 1024 4473 eius
1036 4436 1086 4474 erre.
1100 4410 1128 4475 P
1146 4422 1158 4489 ΙΙ
1178 4420 1242 4488 sort.
1257 4434 1317 4475 ourn
1330 4419 1464 4475 uidissem

326 4513 388 4552 cum
453 4498 488 4555 19
506 4500 645 4569 taquaP:
663 4504 825 4572 tauquama
876 4504 914 4562 27
932 4520 1023 4561 omnes
1036 4509 1162 4576 gontero
