3300 5142
699 539 771 608 Cap.
790 538 889 595 8-11.
959 522 964 529 ⁸
1307 537 1347 601 91

222 698 250 762 si
265 699 373 777 homo,
389 716 443 761 cur
458 714 528 761 cum
544 696 697 778 superiore
712 695 871 759 certabat?
886 694 939 758 sed
955 694 986 759 et
997 693 1095 757 alium
1106 692 1197 759 audio
1209 693 1377 758 cumVe-a

223 820 295 866 nere
310 800 470 885 coniugale
484 800 627 865 habuisse
642 798 844 863 consortium:
860 796 1028 875 Vulcanus,
1049 796 1109 861 nisi
1123 795 1229 874 fallor,
1246 797 1285 861 ab
1299 796 1349 860 his

223 905 351 969 deorum
371 903 541 968 cultoribus
561 903 694 967 maritus
709 901 838 966 Veneris
867 918 931 965 esse
951 900 1138 981 perhibetur.
1162 918 1179 963 o
1200 917 1349 964 uanorum

222 1008 384 1072 hominum
398 1007 527 1072 ridenda
541 1006 711 1090 persuasio!
727 1005 808 1069 inter
819 1004 895 1069 duos
906 1004 1035 1068 maritos
1047 1003 1169 1068 adulter
1178 1003 1297 1086 positus
1309 1002 1347 1067 ab

183 1128 196 1167 ⁵
221 1129 282 1176 uno
297 1111 431 1193 capitur,
458 1111 592 1175 alterum
606 1110 713 1173 uincit.
738 1109 791 1173 sed
806 1107 895 1174 uide:
922 1108 958 1171 ut
973 1107 1094 1172 adulter
1109 1108 1183 1173 daus
1198 1107 1348 1172 maritum

220 1214 374 1289 uinceret,
397 1212 477 1295 quod
492 1212 552 1276 sibi
568 1230 677 1293 corpus
691 1211 801 1294 elegit!
823 1228 933 1291 porcus
948 1228 1014 1274 esse
1028 1211 1157 1275 maluit:
1181 1210 1234 1292 qui
1249 1210 1274 1275 si
1290 1209 1347 1275 ha·

219 1316 314 1381 hebet
328 1316 471 1381 mutandi
486 1316 619 1398 corporis
633 1316 834 1398 potestatem,
857 1314 954 1380 leonis
969 1314 1077 1379 debuit
1091 1316 1194 1397 potius
1214 1314 1346 1396 speciem

220 1419 412 1501 formamque
425 1419 588 1501 suscipere.
610 1420 614 1502 Ι
633 1419 687 1483 sod
701 1419 820 1483 leonem
836 1417 942 1481 dicunt
957 1418 1010 1499 qui
1025 1419 1151 1483 naturas
1163 1417 1345 1483 animalium
1354 1439 1393 1480 ru
1413 1440 1461 1487 ros,

219 1526 333 1590 norunt
347 1524 380 1589 in
394 1524 452 1588 illa
467 1523 598 1608 agrestis
612 1523 708 1588 animi
722 1522 845 1587 feriata
859 1521 1026 1603 pudicitiae
1048 1539 1169 1587 seruare
1183 1522 1344 1588 uirtutem.

185 1656 212 1695 ιο
220 1629 330 1694 merito
346 1628 385 1693 ab
401 1628 540 1694 adultero
555 1627 653 1692 leonis
673 1626 828 1710 spernitur
848 1626 947 1691 forma
967 1626 998 1690 et
1019 1625 1177 1691 libidinosi
1204 1627 1347 1693 animalis

220 1731 357 1815 eligitur.

262 1836 324 1900 Hic
338 1834 403 1899 iam
418 1833 611 1917 euangelicaa
625 1833 800 1898 traditionis
820 1833 938 1899 secreta
957 1834 1134 1898 tractemus.
1159 1832 1254 1897 eiecto
1276 1834 1377 1898 dae-3

219 1938 322 2002 monio
343 1937 486 2000 dominus
506 1954 666 2017 porcorum
687 1954 813 2021 gregem
828 1936 938 2015 donat,
961 1954 1016 2001 noc
1036 1936 1195 2001 inmerito:
1220 1937 1256 2001 ut
1278 1955 1348 2000 cum

219 2040 393 2118 libidinosis
418 2037 604 2104 animalibus
629 2058 683 2122 per
708 2039 786 2105 dura
810 2040 994 2123 praecipitia
1018 2040 1190 2122 ductusque
1216 2039 1348 2105 iactatus

183 2167 208 2206 ιε
220 2162 274 2225 per
292 2144 407 2208 mortes
427 2160 587 2225 porcorum
608 2144 710 2207 uarias
731 2142 826 2226 digna
846 2162 918 2207 nece
939 2143 1105 2208 inmundus
1130 2144 1258 2225 spiritus
1281 2162 1347 2207 car-

218 2247 352 2327 peretur.
380 2246 470 2311 audio
486 2245 630 2329 Cinyram
651 2244 798 2329 Cyprium
818 2246 973 2329 templum
988 2247 1106 2312 amicae
1121 2246 1275 2311 meretrici
1291 2246 1346 2311 de·
1365 2245 1402 2308 lo

218 2366 307 2413 nasse
318 2386 359 2395 —
372 2349 401 2412 ei
422 2350 489 2413 erat
504 2348 608 2412 Venus
622 2366 734 2413 nomen
746 2386 797 2427 -,
814 2348 955 2415 initiasse
976 2350 1070 2413 otiam
1091 2348 1219 2432 Cypriae
1235 2349 1347 2415 Veneri

217 2452 369 2534 plurimos
390 2452 421 2516 et
441 2452 528 2516 uanis
549 2451 824 2517 consecrationibus
840 2452 1019 2534 deputasse,
1042 2452 1188 2517 statuisse
1203 2452 1298 2517 etiam
1312 2454 1348 2516 ut

219 2556 404 2637 quicumque
419 2556 536 2620 initiari
551 2554 646 2620 uellet
660 2558 776 2621 secreto
787 2556 915 2621 Veneris
931 2555 992 2621 sihi
1007 2556 1122 2621 tradito
1138 2574 1240 2621 assem
1251 2576 1346 2620 unum

183 2659 366 2723 omeradis
377 2658 499 2723 nomine
511 2658 584 2723 deae
598 2660 694 2723 daret.
712 2660 792 2742 quod
807 2662 958 2725 secretum
974 2660 1065 2742 quale
1080 2660 1122 2724 sit
1137 2676 1243 2725 omnes
1259 2660 1347 2723 taciti
1394 2742 1397 2747 Ι

217 2761 397 2845 intellegere
412 2762 573 2840 dehemus,
589 2762 733 2844 quiahoc
747 2764 850 2845 ipsum
865 2765 990 2846 propter
1005 2762 1230 2846 turpitudinem
1245 2762 1346 2828 mani-

217 2863 326 2928 festius
342 2865 493 2947 explicare
507 2882 567 2929 non
582 2883 754 2948 possumus.
781 2865 854 2930 bene
875 2869 995 2931 amator
1015 2865 1142 2951 Cinyras
1163 2866 1348 2931 meretriciis

215 2967 339 3050 legibus
367 2968 490 3032 seruiit:
520 2970 712 3033 consecratae
725 2967 839 3034 Veneri
866 2989 885 3033 a
910 2969 1117 3034 sacerdotibus
1143 2970 1208 3033 suis
1233 2970 1345 3051 stipem

217 3070 284 3134 dari
299 3071 391 3135 iussit
404 3073 441 3135 ut
456 3073 563 3136 scorto.
588 3070 750 3137 sebazium
765 3072 898 3138 colentes
913 3073 1019 3139 Iouem
1034 3092 1182 3157 anguem,
1198 3091 1269 3137 cum
1283 3072 1345 3136 ini-

180 3173 312 3250 retiant,
335 3192 391 3255 per
405 3173 508 3238 sinum
523 3174 655 3239 ducunt:
678 3175 778 3239 adhuc
792 3176 886 3257 primi
901 3176 1010 3241 erroris
1024 3177 1104 3241 uitia
1119 3178 1299 3261 grassantia
1314 3176 1345 3239 et

216 3276 363 3357 quicquid
374 3275 513 3340 homines
524 3277 660 3360 perdidit
672 3278 784 3342 colitur
799 3281 831 3343 et
845 3278 960 3343 funesti
975 3280 1084 3364 anguis
1099 3280 1211 3344 callida
1226 3298 1261 3344 ao
1276 3298 1344 3343 ma-

213 3377 320 3441 litiosa
333 3377 499 3442 crudthas
514 3379 666 3445 adoratur.
690 3382 723 3445 in
744 3382 840 3447 sacris
855 3380 1062 3466 Corybantum
1076 3382 1277 3466 parricidium
1292 3400 1343 3448 co-
1361 3379 1393 3440 ll

215 3479 307 3544 litur:
323 3500 396 3545 nam
410 3500 490 3545 unus
505 3481 600 3546 frater
614 3502 633 3547 a
647 3484 766 3549 duobus
781 3485 988 3568 interemptus
1003 3488 1050 3551 est
1066 3488 1097 3553 et
1111 3505 1149 3552 ne
1165 3486 1245 3570 quod
1259 3485 1342 3551 indi-

215 3583 299 3647 cium
313 3602 418 3648 necem
433 3583 586 3650 fraternae
600 3588 711 3653 mortis
725 3588 867 3669 aperiret,
883 3590 939 3654 sub
952 3590 1106 3654 radicibus
1117 3589 1242 3674 Olympi
1253 3608 1342 3656 mon-

177 3686 256 3752 aotis
279 3704 298 3750 a
317 3686 478 3768 parricidis
501 3688 648 3754 fratribus
672 3694 874 3756 consecratur.
897 3691 978 3756 hunc
993 3692 1123 3759 eundem
1138 3693 1341 3758 Macedonum

213 3789 289 3853 colit
303 3790 402 3855 stulta
416 3792 586 3872 persuasio:
602 3793 653 3857 hie
668 3796 714 3858 est
729 3792 868 3875 Cabirus,
884 3796 933 3859 cui
945 3796 1229 3861 Thessalonicenses
1244 3814 1341 3878 quon-

266 3993 405 4049 laliuda
451 3994 633 4050 CleonumP
679 3997 711 4050 13
728 4000 850 4067 gregeP
896 3998 932 4055 18
950 4000 1058 4053 nanisa
1106 3999 1340 4056 rossemanum

218 4079 370 4135 Wowerus:
383 4096 442 4134 asse
454 4086 536 4134 munh
548 4082 598 4151 (sic
606 4084 702 4150 petiae
713 4100 796 4152 quam
807 4086 900 4154 mand)
911 4087 947 4154 P,
961 4102 1027 4149 asse,
1041 4101 1148 4139 manum
1160 4103 1179 4139 a
1230 4087 1266 4145 23
1284 4105 1339 4142 ser·

212 4165 256 4219 nit
273 4167 331 4232 Pa,
351 4184 397 4222 em.
411 4167 540 4222 Bursian
603 4169 642 4225 24
659 4168 772 4223 initiant
788 4171 828 4224 P:
848 4170 993 4225 initiantur
1004 4188 1034 4237 u,
1053 4171 1129 4227 baud
1140 4171 1196 4226 scio
1208 4188 1247 4227 aa
1259 4181 1338 4239 recte,

212 4252 248 4318 cs.
267 4252 345 4307 Clem.
364 4254 443 4307 Alex.
463 4254 601 4322 Protrept.
620 4270 641 4308 c.
656 4258 690 4309 2:
705 4259 842 4325 Σεβαζίου
859 4258 930 4327 γοῦν
945 4263 1108 4328 μυστηρίων
1120 4253 1262 4328 σύμβολον
1280 4266 1340 4320 τοῖς

210 4340 408 4409 μυουμένοιςὸ
426 4340 472 4394 διὰ
491 4338 603 4396 κόλπων
618 4339 693 4402 θεός·
712 4340 822 4414 δράκων
843 4345 878 4397 δέ
896 4346 971 4398 ἔστιν
992 4334 1072 4405 οὗτος
1092 4342 1269 4417 διελκόμενος
1289 4348 1339 4399 τοῦ

210 4420 316 4478 κόλπου
328 4429 382 4480 τῶν
394 4430 568 4498 τελουμένων
613 4427 651 4485 26
670 4427 803 4483 hominem
816 4448 835 4484 α
881 4430 920 4487 30
938 4430 1088 4499 parricidiis
1102 4432 1129 4485 P
1174 4432 1208 4489 31
1227 4432 1339 4501 gabinus

210 4511 269 4577 Pu,
288 4528 336 4566 eru.
354 4514 494 4569 Worceras
