3300 5142
575 573 579 582 ,
648 517 722 587 Gap.
743 515 863 575 19—20.
1265 516 1324 581 107

201 676 356 758 particeps
381 694 447 741 esse
470 675 584 758 possis,
607 694 626 740 a
640 673 781 757 piissimo
795 692 832 739 ao
846 672 1021 739 iustissimo
1036 672 1160 738 domino
1174 672 1325 737 inmorta-

199 778 302 844 litatis
316 779 377 843 tibi
391 779 494 863 gratia
508 776 690 843 conferetur.
710 779 715 861 Ι

243 881 384 948 Alterius
404 881 525 966 profani
546 880 731 947 sacramenti
751 880 877 965 signum
898 882 945 945 eet
960 872 1040 956 θεὸς
1054 876 1090 945 ἐκ
1105 878 1237 966 πέτρας.
1271 898 1436 951 euroeae.

200 986 258 1050 hoo
283 986 424 1050 sanetum
449 984 716 1067 uenerandumque
742 984 894 1048 secretum
915 982 955 1049 ed
974 981 1117 1066 profanos
1132 984 1221 1048 aetus
1236 980 1325 1045 edul-
1338 978 1399 1039 20·

175 1089 301 1153 rwrata
315 1088 500 1169 professione
514 1086 712 1153 transfertis?
733 1086 814 1152 alins
829 1090 877 1151 est
892 1086 986 1169 lapid,
1009 1104 1101 1169 quem
1115 1086 1191 1152 deus
1206 1085 1239 1149 in
1253 1102 1326 1149 oon-

198 1189 359 1253 firmandis
384 1190 593 1256 fundamentis
618 1191 787 1275 promissae
812 1190 1010 1256 Hierusalem
1030 1190 1199 1255 missurum
1213 1208 1246 1255 ee
1260 1207 1326 1254 esso

198 1292 355 1374 promisit:
371 1291 511 1359 Christus
525 1293 614 1359 nobis
628 1294 794 1359 uenerandi
808 1293 921 1375 lapidis
937 1293 1160 1377 significatione
1171 1294 1275 1358 monet
1310 1325 1326 1339 ·

198 1397 259 1461 tur.
284 1396 359 1479 quid
372 1397 409 1463 tu
424 1399 464 1463 ad
479 1398 717 1463 commaculatae
732 1397 965 1481 superstitiones
980 1398 1097 1463 furtiua
1112 1395 1219 1462 fraude
1234 1413 1325 1460 uene·

198 1499 288 1565 randi
301 1501 461 1566 tenuioris
474 1502 608 1567 nominis
623 1501 830 1585 dignitatem?
852 1500 988 1582 lapidem
1002 1502 1094 1565 tuum
1113 1500 1203 1565 ruina
1222 1497 1325 1580 sequi·

160 1604 251 1667 retur
265 1605 298 1668 et
312 1604 489 1669 sedentium
510 1604 681 1669 culminum
696 1602 818 1669 funesta
842 1603 1011 1686 oonlupeio:
1033 1604 1136 1668 nostor
1162 1602 1240 1685 lapis
1266 1600 1325 1665 Dei

198 1704 348 1772 fundatus
371 1725 466 1772 manu
491 1707 622 1785 extruit,
646 1707 820 1785 oonfirmet,
844 1707 952 1791 erigit,
975 1706 1078 1771 munit
1103 1707 1135 1771 et
1160 1704 1325 1771 restaurati

198 1810 298 1892 operis
330 1811 465 1894 gratiam
488 1812 653 1892 perpetuae
679 1810 914 1875 inmortalitatis
946 1810 1105 1893 splendore
1131 1809 1323 1875 oondeoorat.

197 1913 244 1978 ait
258 1914 341 1978 enim
355 1913 393 1979 de
407 1914 465 1978 hoe
478 1914 585 1979 Esaias
605 1913 731 1979 iubente
752 1914 858 1979 saneto
880 1913 1007 1997 spiritu:
1041 1904 1111 1976 ‘eie
1132 1912 1234 1977 dicit
1254 1909 1353 1974 loo-2

197 2016 345 2080 minus:
382 2034 470 2082 eooe
499 2035 567 2100 ego
588 2016 747 2081 inmitto
774 2016 813 2082 in
842 2016 1091 2082 fundamenta
1119 2013 1208 2080 Sion
1228 2014 1325 2098 lapi·

160 2118 280 2182 rudem
300 2118 532 2202 pretiosum,
567 2120 752 2199 eleotum,
785 2138 971 2184 summum
994 2118 1232 2202 angularem,
1263 2118 1325 2182 ho·

196 2222 390 2301 notatum,
412 2223 450 2287 et
471 2223 535 2304 qui
557 2223 772 2289 crediderit
792 2223 831 2288 in
853 2241 938 2288 eum
958 2239 1029 2287 non
1044 2210 1325 2287 confundetur?

196 2323 231 2388 in
244 2324 375 2406 psalmis
389 2325 486 2390 etiam
501 2325 603 2390 simile
617 2343 798 2409 responsum
813 2328 876 2391 est:
899 2325 944 2389 ait
959 2324 1043 2419 eninr
1057 2324 1185 2407 spiritus
1201 2327 1324 2389 senotue

196 2428 230 2494 in
245 2428 410 2493 centesimo
426 2430 458 2494 et
472 2429 605 2513 septimo
619 2429 737 2495 deoimo
761 2428 896 2511 psalmo:
930 2420 1042 2511 ‘lapis
1071 2447 1179 2510 quem
1200 2445 1325 2509 repro-

196 2521 389 2596 bauerunt
410 2532 671 2598 aedificantes
685 2533 747 2597 hio
761 2531 890 2598 faetus
906 2534 969 2597 ost
983 2532 1022 2596 in
1042 2532 1158 2614 eaput
1178 2531 1324 2615 anguli:

160 2653 217 2699 roa
239 2634 391 2700 domino
413 2634 541 2701 faetus
564 2638 622 2701 est
649 2636 725 2700 iete
754 2637 877 2701 otest
904 2635 1103 2700 mirabilis
1131 2635 1171 2700 in
1198 2635 1325 2701 oeulis

197 2738 367 2802 nostrie?
403 2739 588 2822 permultos
612 2739 776 2823 prophetas
802 2738 932 2821 spiritus
947 2740 1071 2804 sanetus
1085 2738 1218 2803 nominis
1234 2738 1325 2802 istius

197 2840 336 2906 ordinem
350 2843 519 2921 monstret,
535 2842 582 2907 ait
595 2842 678 2907 enim
693 2841 856 2907 Zacharias
871 2842 1034 2924 propheta:
1057 2832 1153 2906 ‘eooe
1176 2858 1242 2925 ego
1265 2840 1325 2905 od-

198 2943 292 3009 duoo
313 2963 471 3026 puerum
491 2964 628 3023 meum,
663 2943 785 3009 Ortus
806 2962 941 3010 nomen
970 2944 1006 3010 ei
1035 2944 1109 3023 est,
1143 2944 1325 3027 quoniam

196 3046 301 3130 lapis
323 3066 431 3130 quem
455 3048 542 3113 dedi
564 3050 652 3113 ante
673 3047 818 3113 faeiem
840 3048 981 3113 Hiesu:
1016 3066 1128 3130 super
1154 3047 1324 3131 lapidem

160 3148 324 3231 seipsum
345 3169 459 3215 unum
480 3153 627 3235 septem
648 3150 751 3216 oeuli
773 3138 886 3216 eunt'
909 3151 963 3216 sod
983 3152 1019 3215 ut
1043 3150 1237 3215 manifestius
1253 3160 1353 3215 oon-3

197 3254 275 3330 etot,
298 3253 472 3334 antiquiora
493 3253 737 3320 ueneranderum
754 3253 925 3320 lectionum
947 3255 1064 3319 secrete
1077 3253 1257 3336 pandemus.
1291 3254 1325 3317 in

196 3355 434 3421 Deuteronomio
445 3357 492 3422 ita
502 3357 755 3441 comprehensum
770 3358 833 3422 est:
855 3348 904 3421 ‘et
926 3356 1072 3423 seribes
1094 3374 1207 3439 super
1228 3356 1323 3440 lapi-

196 3457 279 3523 dem
301 3476 448 3524 omnem
467 3460 593 3544 legem
614 3446 733 3524 hano’
765 3459 880 3524 Hieeus
894 3459 990 3525 otiam
1004 3458 1092 3525 Naue
1106 3459 1192 3525 iussu
1207 3458 1324 3524 diuini·

190 3733 268 3792 278
297 3645 461 3711 laterae,
476 3647 513 3704 16
569 3645 606 3704 18
618 3647 661 3703 Ps.
677 3648 740 3714 117,
752 3648 791 3705 22
804 3663 843 3717 sq.
897 3648 935 3704 22
948 3646 1026 3701 Zaoh.
1039 3646 1147 3716 3,8sq.
1194 3646 1230 3705 27
1242 3646 1322 3701 Dent.

243 3888 263 3945 2
281 3887 415 3943 confertur
427 3887 455 3941 P
518 3886 537 3944 9
554 3888 696 3942 trmsferis
708 3888 751 3942 P:
768 3886 901 3943 transfers
914 3886 974 3942 edd.
989 3888 1024 3955 ef.
1044 3904 1065 3942 e.
1077 3888 1125 3953 22,
1139 3887 1157 3945 3
1169 3887 1283 3958 proferis
1296 3895 1323 3943 et

191 3973 241 4039 24,
253 3974 271 4028 3
282 3974 348 4028 feris
400 3973 436 4029 12
453 3975 582 4043 perpetuo
597 3974 703 4042 oetier,
719 3980 749 4029 ot
761 3974 887 4041 conferri
902 3973 978 4028 iubet
990 3974 1118 4028 Bursian
1125 3991 1154 4042 p.
1168 3977 1233 4042 102,
1245 3978 1284 4029 29
1297 3982 1323 4029 et

186 4062 343 4129 p.120,13
397 4058 434 4116 13
452 4059 561 4113 iouente
570 4060 609 4124 P,
628 4060 755 4115 innuente
767 4076 786 4113 a
803 4060 815 4128 ΙΙ
832 4058 931 4129 spiritu
943 4060 1062 4113 eenotoo
1116 4060 1149 4116 17
1167 4059 1290 4114 similiP

192 4144 230 4202 18
247 4144 555 4209 deeimoomPa,odd.
571 4145 711 4200 Woweroo
779 4145 820 4203 20
838 4162 854 4199 a
869 4145 1029 4199 dominoP:
1048 4144 1136 4199 Anno
1154 4162 1172 4199 a
1240 4146 1278 4202 23
1297 4146 1322 4200 ei

192 4245 287 4286 nomen
298 4249 317 4286 a
368 4232 408 4289 24
424 4232 496 4301 lepis
508 4247 586 4301 quem
598 4231 660 4286 dedi
672 4232 843 4287 antefactum
854 4231 940 4286 Hieen
952 4232 1080 4286 Bursian
1096 4232 1167 4300 (coll.
1186 4232 1323 4301 Cypriam·

190 4322 249 4372 teet.
264 4318 305 4382 H,
318 4322 361 4383 16,
369 4334 400 4386 p.
414 4320 496 4385 553).·
515 4316 588 4371 loeus
600 4333 679 4386 quem
690 4317 766 4372 dedit
777 4333 829 4385 une
846 4316 915 4371 faeie
926 4316 1017 4371 hiesus
1030 4317 1068 4383 P,
1087 4316 1158 4386 lepis
1170 4333 1248 4386 quem
1260 4317 1321 4372 dedi

191 4417 279 4457 eoram
299 4402 360 4456 Iesu
373 4420 391 4456 a
451 4402 490 4459 26
509 4404 651 4472 antiquora
671 4402 880 4458 uenerandorum
893 4404 921 4458 P
982 4402 1016 4456 27
1034 4402 1143 4457 deutero
1164 4403 1288 4459 nomiiP

190 4486 354 4545 281eeueu
