3300 5142
298 523 341 587 94
703 517 844 571 Firmioi
863 518 1009 571 Materni

298 676 428 741 Elialtae
450 675 548 740 edicto
565 674 649 739 Mars
670 674 746 739 belli
756 654 864 756 potens
874 672 1038 755 temporali
1050 670 1141 737 exilio
1153 672 1318 736 damnatus
1329 669 1431 735 ferrea

298 779 475 843 catenmum
485 777 589 843 uincla
600 777 763 843 sustinuit:
780 776 987 859 Sarpedonem
1002 774 1104 839 fihum
1121 776 1281 845 mortuum
1292 774 1324 839 in
1335 772 1431 837 Troia

297 881 438 964 Iuppiter
451 881 572 965 plangit
589 882 621 945 et
645 880 819 946 mercedem
840 878 1061 944 fabricatomm
1082 896 1243 943 murorum
1264 876 1430 957 Neptunus

297 1004 316 1049 a
329 984 460 1066 superbo
474 1003 546 1069 rege
560 1002 620 1049 non
641 983 765 1065 recipit:
788 981 916 1047 alterius
932 982 1014 1066 regis
1029 980 1142 1063 Apollo
1158 998 1266 1065 greges
1281 980 1431 1062 paenitet

297 1086 363 1152 Soli
377 1088 481 1151 omnia
495 1087 614 1151 uidenti
628 1085 708 1151 alius
723 1086 893 1151 occisarum
907 1085 1002 1152 boum
1021 1084 1145 1149 nuntiat
1159 1084 1294 1149 mortes:
1319 1082 1429 1148 Casto-
1453 1110 1467 1149 e

297 1211 346 1256 res
361 1190 471 1274 sepoht
478 1190 597 1272 Sparta
613 1190 702 1255 ardet
716 1190 793 1272 aput
807 1187 919 1253 Oetam
930 1188 1080 1253 Hercules
1095 1189 1127 1253 et
1133 1186 1339 1269 Aesculapius
1350 1186 1430 1251 alibi

298 1294 496 1359 fulminatur:
511 1292 668 1357 Vulcanus
682 1312 701 1356 a
714 1293 803 1375 patre
814 1291 1036 1375 praecipitatus
1047 1291 1157 1373 pedem
1168 1290 1296 1375 frangit,
1308 1290 1430 1373 Lycur-

297 1417 374 1482 gum
389 1396 511 1481 fugiens
524 1396 618 1461 Liber
632 1396 779 1461 moritur:
801 1396 906 1460 Venus
921 1396 954 1460 iu
969 1394 1121 1461 adulterio
1137 1394 1325 1477 deprehensa
1339 1393 1429 1459 deto-

183 1500 383 1583 remugitur
397 1500 513 1580 etpost
528 1499 576 1565 dei
591 1500 716 1583 nuptias
736 1501 740 1583 Ι
760 1498 916 1564 Anchisae
930 1498 1063 1563 hominis
1079 1498 1180 1563 cubile
1195 1499 1346 1565 sectatur:
1371 1496 1429 1563 Sa-

295 1604 407 1667 turnus
422 1621 515 1687 regno
529 1602 642 1668 timeus
656 1604 786 1669 deuoret
799 1602 880 1667 filios
895 1606 922 1667 ct
935 1601 1040 1683 pilium
1056 1601 1177 1685 fugiens
1189 1601 1222 1666 iu
1233 1602 1328 1667 Italia
1338 1600 1428 1683 sopi-
1439 1626 1466 1665 ιο

295 1704 381 1769 tinus
396 1704 608 1771 absconditur:
624 1706 665 1771 ob
679 1724 817 1771 amorem
833 1705 981 1771 Catamiti
996 1706 1074 1771 Iuno
1089 1704 1245 1789 epemitur
1259 1706 1292 1769 et
1306 1703 1348 1769 ad
1361 1704 1428 1769 lin·

295 1807 473 1890 dymionem
495 1808 581 1872 Luna
600 1810 760 1875 descendit
780 1810 812 1873 et
834 1812 941 1875 contra
961 1808 1157 1873 uoluntatem
1179 1807 1282 1873 uxoris
1297 1808 1329 1871 et
1343 1805 1428 1871 filiae

265 1910 435 1975 sTroianis
467 1910 618 1975 auxilium
640 1912 740 1976 ferens
761 1913 904 1995 deeeptus
926 1912 1066 1994 Iuppiter
1086 1910 1209 1977 dormit.
1234 1910 1429 1995 odagitiosa

263 2089 270 2107 x
294 2012 458 2078 confessio!
481 2032 548 2081 oss
563 2014 755 2097 deflendique
776 2014 893 2080 culum
918 2034 934 2081 o
955 2015 1050 2081 durae
1073 2014 1235 2081 seruitutis
1251 2014 1428 2081 miseranda

293 2116 441 2181 conditio!
465 2116 505 2181 ad
519 2117 651 2182 istorum
666 2119 786 2183 cultum
801 2118 929 2183 deorum
943 2120 1065 2183 sanctos
1078 2118 1218 2183 homines
1239 2120 1272 2183 et
1294 2118 1350 2183 deo
1371 2116 1428 2183 de·
1437 2138 1463 2177 ιε

292 2220 366 2283 uota
380 2221 483 2285 mente
497 2220 655 2286 credontes
670 2221 858 2305 sacrilegum
873 2222 1077 2304 tyrannorum
1091 2222 1186 2287 traxit
1200 2221 1378 2305 imperium,
1394 2222 1429 2287 et

292 2322 328 2385 ut
343 2322 415 2388 huic
430 2323 557 2388 facinori
572 2323 658 2389 eliud
673 2324 793 2390 facinus
807 2325 983 2403 adderetur,
998 2342 1081 2390 mors
1096 2326 1144 2390 est
1154 2323 1278 2390 decreta
1288 2325 1426 2391 nolenti-

292 2424 358 2489 bus.
381 2426 421 2491 ad
436 2427 595 2491 theatrum
609 2428 713 2509 potius
729 2428 846 2510 templa
861 2428 1041 2506 transferte,
1065 2428 1148 2495 utin
1164 2428 1282 2494 emonis
1296 2427 1426 2512 religio·

290 2548 367 2594 num
380 2531 515 2595 istarum
529 2533 646 2597 secreta
667 2532 848 2611 tradantur,
871 2534 903 2597 et
916 2534 953 2598 ut
967 2532 1048 2597 nihil
1062 2532 1292 2615 praetermittat
1306 2531 1425 2615 impro-

291 2633 388 2711 bitas,
413 2633 578 2698 histriones
592 2634 685 2699 facite
699 2636 886 2701 sacerdotes:
910 2635 989 2701 alter
1010 2636 1133 2719 dignior
1153 2635 1238 2701 locus
1260 2634 1422 2719 religioni·
1434 2643 1462 2685 ²⁰

290 2734 348 2799 bus
363 2736 434 2800 istis
448 2736 584 2802 inueniri
596 2756 657 2801 non
671 2739 803 2820 poterit:
819 2740 887 2804 illc'o
902 2757 1021 2805 amores
1036 2738 1161 2803 deorum
1176 2738 1250 2803 uilis
1265 2738 1358 2803 turba
1368 2737 1426 2803 de·

291 2839 409 2917 cantet,
432 2839 499 2904 illic
519 2858 607 2906 casus
628 2843 805 2926 mortesque
827 2843 998 2921 salientur,
1022 2842 1089 2907 illic
1103 2841 1232 2907 deorum
1246 2841 1368 2925 tenpus
1383 2842 1425 2907 ab

290 2940 401 3021 impiis
415 2942 447 3005 ot
459 2943 646 3025 facinerosis
656 2945 820 3030 magistris
830 2946 943 3011 coloes
956 2965 1044 3011 omres
1054 2946 1174 3029 perdita
1185 2946 1217 3009 et
1227 2944 1425 3011 adulterium

291 3044 418 3110 docetur
432 3047 464 3111 ot
479 3046 606 3113 facinus.

240 3146 279 3209 le
332 3150 453 3215 Discite
472 3150 584 3229 etiam,
607 3152 794 3218 sacrosancti
816 3151 1032 3235 imperatores,
1055 3152 1265 3219 uenerandum
1279 3152 1422 3218 Almon-
1431 3169 1458 3211 aa

290 3250 382 3317 drioc
396 3272 515 3317 numen
530 3254 614 3319 uude
628 3255 765 3337 aucupati
778 3255 955 3335 exordium,
971 3260 1006 3320 ut
1021 3256 1180 3321 moroni
1194 3259 1303 3321 costra
1317 3253 1422 3340 fragi-

289 3354 380 3419 litate
394 3356 516 3421 detecta
537 3357 577 3421 ad
597 3359 743 3423 ueritatis
765 3359 928 3423 exordium
952 3359 1157 3425 cmmoditatis
1177 3361 1299 3425 nostrae
1320 3376 1423 3427 sermo

340 3544 355 3595 1
374 3542 466 3597 fialtae
479 3544 507 3597 P
556 3546 576 3601 4
594 3546 695 3616 recepit
707 3564 726 3600 a
778 3547 796 3603 6
814 3547 933 3601 herculis
946 3550 973 3601 ot
986 3546 1139 3617 esculapius
1151 3548 1179 3601 P
1242 3547 1259 3604 7
1279 3548 1345 3616 podo
1358 3548 1385 3601 P

289 3628 327 3685 10
338 3628 464 3682 attilium
474 3630 501 3683 P
512 3635 544 3683 ut
555 3632 682 3685 uidetur:
696 3632 748 3686 Hic
760 3648 791 3687 ex
802 3632 884 3688 Crete
896 3651 928 3701 a;
942 3633 973 3687 in
984 3634 1032 3701 fol.
1047 3635 1096 3690 leb
1113 3640 1139 3687 et
1153 3634 1203 3691 13⁵
1218 3635 1306 3688 mulla
1324 3635 1419 3688 obscu-

285 3720 351 3767 rota
362 3721 429 3769 aaut
441 3721 467 3768 et
478 3716 529 3769 uie
540 3716 724 3786 lepissposoont
740 3722 753 3788 11
768 3744 839 3774 ιω
852 3721 855 3789 l
868 3720 943 3773 tiuus
955 3721 989 3783 P,
1002 3720 1075 3788 quod
1087 3727 1159 3775 reete
1176 3720 1338 3775 Beroeaeus
1353 3736 1420 3789 eup—

283 3800 552 3868 praecocitatem
572 3803 714 3872 Spartanis
735 3822 766 3869 a,
784 3806 861 3860 unde
881 3805 909 3860 J.
931 3807 980 3861 Fr.
1004 3807 1163 3861 (froocouirca
1186 3810 1299 3876 slpatre
1319 3808 1384 3861 Iano

286 3886 321 3943 13
333 3886 459 3956 deceptus
471 3887 537 3942 inP
546 3890 607 3956 fere
619 3893 738 3946 euanuit
790 3892 827 3948 14
839 3893 1006 3947 miserabiles
1018 3895 1159 3961 suppleuit
1169 3893 1209 3948 ed.
1216 3895 1309 3962 princ.
1320 3895 1352 3948 io
1362 3894 1420 3949 loco

281 3972 370 4039 plane
378 3974 529 4039 obscurato,
542 3976 590 4030 aed
600 3984 692 4031 monet
698 3978 808 4031 soene
818 3979 868 4033 boc
880 3979 972 4033 ooccb.
982 3994 1037 4047 pro
1048 3980 1139 4047 spatio
1151 3980 1260 4049 locutos
1270 3996 1341 4047 eese;
1354 3981 1420 4035 binc

284 4060 413 4126 suppleas
425 4060 494 4129 inpii
505 4062 551 4115 uel
562 4062 670 4116 nefandi
741 4064 779 4123 15
796 4067 825 4117 ct
837 4066 922 4119 Deum
935 4065 959 4120 d
973 4082 1008 4119 m.
1022 4066 1136 4119 colentes
1149 4083 1168 4120 a
1228 4066 1266 4123 22
1285 4068 1420 4121 saltantur

285 4144 396 4211 seipsi:
424 4145 567 4200 saltatores
586 4148 627 4212 P,
645 4149 745 4203 litteris
764 4151 805 4204 aio
825 4168 844 4205 a
864 4168 950 4206 manu
972 4158 1072 4207 receset.
1094 4154 1237 4207 reuocatis
1257 4156 1304 4221 (ex
1326 4159 1420 4207 odere

284 4230 427 4296 scriptura
438 4234 647 4287 tceteLoremio
659 4236 730 4289 nibal
739 4244 857 4305 apparet
870 4240 926 4293 abi
935 4246 1056 4293 eutrerua
1065 4241 1172 4305 littera,
1185 4256 1255 4309 quoe
1266 4258 1280 4294 r
1291 4241 1401 4307 socrat)
1408 4260 1418 4309 ;

285 4314 430 4369 saltatores
443 4317 586 4372 exhibeant
597 4321 668 4374 coni.
685 4322 836 4388 Wowerue‚
857 4326 918 4379 salt.
938 4326 1039 4381 saltent
1064 4327 1175 4395 Oeleler,·
1194 4328 1246 4382 broi
1269 4329 1329 4394 fere
1350 4342 1418 4381 coor-

285 4401 398 4455 clomcti
417 4404 610 4473 quinequitiae
631 4407 786 4462 modario
803 4408 952 4465 muudum
971 4412 1080 4467 secana
1100 4419 1139 4467 eet
1162 4416 1174 4482 ΙΙ
1197 4414 1377 4467 illicdeorum
1389 4412 1419 4467 iu

284 4486 395 4556 templis
408 4505 439 4553 α,
459 4489 516 4543 illie
540 4490 565 4545 d.
583 4492 611 4546 in
629 4492 739 4561 templis
754 4494 896 4551 Woweros
952 4498 988 4555 26
1007 4500 1152 4571 sumpserit
1164 4518 1183 4554 a
1205 4502 1217 4569 lt
1240 4502 1271 4554 ut
1284 4499 1419 4554 communi
