3300 5142
360 527 423 594 228
834 529 1013 600 Appendix.

326 691 346 748 4
397 688 480 746 Nunc
505 687 603 763 iteqne
623 688 772 762 quoniein,
794 690 894 764 mucis
914 690 997 764 licet,
1020 693 1080 750 teni
1100 690 1225 750 laborem
1245 705 1331 764 quern
1347 687 1483 748 meritum

354 790 530 865 integritatis
544 791 735 865 ostendimus,
757 809 794 853 no
807 811 854 854 res
868 811 941 868 quse
955 796 985 854 ot
998 793 1101 868 greudi
1124 793 1232 854 uirtute
1252 793 1364 852 wustet
1385 795 1416 850 et
1436 789 1484 849 in-

353 893 432 968 genti
447 893 571 967 preemio
585 895 760 969 destinetur,
783 913 879 956 cerere
893 895 988 956 fructu
1009 913 1060 956 suo
1075 897 1182 970 possit,
1206 893 1375 969 diligentius
1396 909 1483 952 excu-

354 995 477 1056 bandum
492 999 545 1056 est.
568 1000 674 1070 qnnuto
693 999 769 1058 enim
784 1016 977 1075 quencumque
991 999 1098 1073 species
1119 998 1268 1073 pretiosior
1282 996 1381 1070 tuerit,
1397 998 1480 1054 tento

354 1100 458 1159 maiore
479 1099 670 1160 sollicitudine
694 1102 863 1162 custoditur.
886 1106 916 1162 et
941 1103 1074 1177 quonism
1098 1102 1193 1161 multe
1217 1103 1284 1159 suut
1309 1115 1382 1173 queo
1407 1099 1481 1157 bono
1505 1121 1519 1159 s

354 1203 466 1276 proprio
488 1207 600 1277 curent,
623 1205 681 1264 uisi
706 1205 828 1265 alierum
853 1221 946 1266 rerum
971 1205 1107 1266 indentur
1130 1203 1252 1276 euxiiic,
1276 1205 1310 1262 ut
1324 1205 1368 1262 est
1382 1200 1480 1260 meilis

353 1306 478 1379 speeies,
500 1323 574 1382 quae
587 1307 645 1367 nisi
658 1324 786 1368 cererm
800 1309 930 1368 custodie
955 1311 984 1368 et
1009 1307 1139 1366 fenorum
1161 1305 1275 1366 cellulis
1295 1307 1481 1364 conseruetur

353 1411 397 1480 et,
420 1411 454 1467 ut
468 1409 564 1470 uerius
577 1411 711 1482 dixerim,
733 1411 888 1484 nutrietur,
904 1411 1064 1470 neturelen:
1078 1409 1201 1484 gretiam
1217 1407 1311 1482 perdit
1334 1410 1363 1466 et
1384 1405 1481 1466 subsi-

354 1515 429 1571 stere
442 1527 493 1586 per
506 1529 537 1572 se
550 1513 614 1586 ipse
627 1531 684 1572 non
697 1515 806 1588 potest,
829 1514 904 1573 nont
926 1517 955 1573 ot
974 1513 1036 1572 uiui
1059 1513 1182 1586 species,
1205 1512 1281 1585 quod
1294 1509 1352 1569 nisi
1367 1509 1397 1568 in
1413 1508 1481 1568 boni

353 1615 446 1674 odoris
460 1615 538 1674 ueris
551 1619 582 1675 et
595 1617 735 1690 reparetis
749 1617 875 1676 crebrius
889 1616 999 1690 picibus
1014 1615 1154 1686 fouoetur,
1181 1614 1321 1688 mnuinee
1336 1612 1395 1672 uim
1411 1627 1481 1670 sue·
1491 1629 1515 1668 io

354 1717 455 1777 nitetis
480 1718 604 1776 emittit:
633 1718 779 1780 adtentius
792 1719 996 1793 prouidendum
1022 1721 1081 1791 est,
1105 1735 1141 1778 ue
1165 1717 1238 1776 torte
1263 1720 1292 1776 ct
1317 1713 1482 1788 uirginitati

354 1821 452 1894 eliqua
466 1820 525 1879 siut
538 1822 710 1894 necessarie,
733 1823 794 1881 siue
813 1823 918 1896 quibus
938 1839 1115 1897 neququam
1142 1820 1267 1879 fructum
1287 1817 1397 1877 edisne
1418 1815 1481 1876 suf-

300 1902 305 1978 }
353 1923 445 1996 ficiet,
467 1926 497 1982 et
520 1925 620 1982 tentus
644 1924 718 1983 nihil
741 1925 868 1998 proderit
893 1925 988 1998 lebor,
1011 1926 1078 1984 dum
1101 1939 1173 1983 uene
1188 1923 1319 1997 prodesse
1340 1920 1477 1990 creditur,

353 2028 428 2100 quod
453 2027 559 2100 ubsque
583 2027 667 2086 rebus
692 2028 858 2088 ueooeseriis
882 2029 1051 2102 possidetur.
1075 2027 1132 2086 uisi
1146 2026 1223 2086 enini
1240 2023 1340 2096 fellor,
1364 2023 1400 2082 ob
1415 2038 1480 2082 cee-

352 2128 435 2189 lestis
465 2129 545 2204 regni
577 2129 732 2204 proemium
764 2131 918 2204 pudicitiae
944 2134 1075 2192 seruetur
1106 2129 1276 2204 integritas,
1316 2128 1390 2202 quod
1417 2126 1512 2186 siner:

352 2235 483 2292 neumae
496 2232 575 2293 uitae
588 2233 689 2292 merito
703 2234 843 2294 nemmem
859 2235 992 2309 oensem
1007 2251 1089 2308 posse
1105 2233 1177 2293 setis
1191 2235 1301 2291 eertum
1315 2233 1368 2290 est.
1384 2232 1480 2288 aeter-

352 2353 419 2395 nem
439 2352 506 2395 nero
529 2337 620 2396 uitem
639 2337 752 2396 nonnisi
770 2355 821 2411 per
840 2337 965 2398 omnium
981 2337 1140 2396 diuinorum
1155 2337 1368 2410 praeceptorum
1382 2335 1480 2391 custo-

352 2439 429 2529 dium
454 2440 606 2511 promereri
630 2457 712 2513 posse
734 2441 875 2514 scripture
893 2443 1017 2500 testetur
1031 2440 1144 2502 dicens:
1170 2437 1202 2496 si
1224 2437 1280 2496 uis
1301 2435 1342 2494 ed
1364 2435 1480 2494 uitam

352 2540 491 2613 uenire,
514 2559 622 2601 serua
643 2544 824 2602 meudete.
854 2544 944 2602 uitem
965 2560 1031 2617 ergo
1051 2559 1107 2600 nou
1129 2539 1215 2600 hebet
1235 2538 1293 2598 nisi
1308 2537 1359 2613 qui
1373 2539 1478 2596 cuncta

352 2641 425 2716 legis
438 2644 572 2702 mundate
585 2645 760 2718 serueuerit,
783 2649 812 2705 et
832 2647 883 2720 qui
897 2646 988 2705 uitem
1001 2662 1058 2705 nou
1073 2643 1220 2714 hebuerit,
1244 2640 1377 2700 coelestis
1393 2639 1476 2714 regui
1486 2661 1512 2701 :o

350 2762 408 2805 uon
422 2748 590 2818 potestesse
604 2764 763 2821 possessor,
785 2749 817 2807 iu
831 2767 886 2823 quo
901 2765 957 2808 nou
972 2747 1095 2820 mortui,
1111 2746 1160 2805 sed
1174 2745 1236 2804 uiui
1250 2744 1356 2820 quiquo
1371 2759 1476 2816 regue-

456 2947 493 3005 18
510 2947 607 3002 Mettis
629 2948 674 3013 19,
695 2949 740 3005 17.

405 3118 421 3174 1
439 3118 605 3187 lieetpeucis
622 3119 657 3182 V,
677 3122 734 3173 tem
745 3120 838 3189 peucis
850 3120 915 3174 licct
927 3120 955 3175 R
1006 3120 1024 3176 2
1042 3119 1211 3189 urginitetis
1227 3117 1254 3173 V
1272 3119 1285 3187 ΙΙ
1308 3131 1376 3186 queo
1388 3121 1416 3171 ct
1434 3117 1475 3172 R:

350 3219 418 3274 quec
434 3203 516 3260 cHV
572 3205 591 3261 3
607 3204 766 3274 diligentius
777 3221 826 3260 ore.
844 3205 874 3260 V.
904 3208 916 3274 ΙΙ
945 3204 1123 3260 excubendum
1135 3205 1164 3260 R
1213 3204 1233 3259 4
1251 3205 1381 3271 quantum
1397 3203 1447 3258 01:
1453 3203 1480 3254 V

362 3293 375 3358 ΙΙ
395 3289 494 3358 speeies
505 3305 682 3358 quoecumque
698 3289 725 3344 V
742 3293 755 3358 ΙΙ
777 3291 860 3344 fuerit
877 3291 936 3346 GR:
955 3293 997 3344 est
1012 3291 1039 3345 V
1099 3291 1118 3350 5
1135 3288 1231 3344 maiori
1247 3289 1274 3343 V
1292 3290 1305 3356 ΙΙ
1328 3288 1432 3342 multae
1446 3287 1474 3344 Β

403 3375 422 3431 6
439 3378 546 3429 enon:
561 3376 666 3444 proprio
688 3377 714 3432 V
732 3378 744 3444 ΙΙ
766 3380 798 3431 ut
814 3377 1013 3430 est-eiuittit
1033 3377 1047 3444 (
1066 3419 1072 3430 .
1091 3377 1136 3444 11)
1154 3391 1203 3430 oen.
1223 3375 1250 3428 A
1312 3373 1331 3430 9
1350 3375 1409 3444 ipse
1428 3374 1476 3430 R:

352 3461 438 3529 ipsum
453 3459 516 3523 GH,
535 3459 622 3529 ipsum
632 3461 764 3515 uetustis
780 3463 806 3516 V
824 3462 837 3529 ΙΙ
860 3461 913 3516 uisi
925 3461 954 3516 in
965 3461 1028 3516 boui
1039 3461 1080 3516 od.
1093 3460 1166 3514 uesis
1182 3461 1218 3515 V:
1236 3461 1260 3514 si
1281 3477 1333 3514 non
1353 3459 1419 3514 boui
1432 3458 1473 3514 cd

352 3545 425 3599 uuis
436 3545 495 3614 (nes
507 3545 545 3614 R)
561 3545 621 3609 CR,
639 3545 692 3599 nisi
703 3546 765 3600 boni
776 3547 816 3602 cd
830 3563 878 3601 nes
890 3547 928 3601 sit
939 3547 973 3602 H
1040 3547 1077 3604 10
1093 3546 1211 3616 repereti
1232 3546 1260 3602 R
1290 3549 1302 3613 ΙΙ
1334 3545 1435 3601 crebris
1454 3545 1478 3601 O

362 3632 376 3699 ΙΙ
403 3630 532 3701 genuinae
544 3630 600 3684 uim
611 3631 755 3685 suauitetis
775 3632 816 3688 u:
834 3632 963 3701 genuinee
975 3633 1033 3686 uini
1045 3632 1189 3686 suauitatis
1206 3631 1240 3695 G,
1259 3631 1391 3700 genuinae
1402 3630 1472 3683 uitis

352 3716 515 3770 suauitatem
531 3715 565 3779 V,
583 3717 725 3785 genuinam
736 3717 795 3771 uiui
807 3717 995 3780 sueuitetemb
1049 3718 1084 3774 11
1104 3715 1294 3786 prouidendum
1311 3715 1346 3770 V:
1367 3714 1475 3785 preeui·

351 3800 466 3857 dendurn
476 3801 543 3865 AR,
561 3817 624 3872 ergo
635 3802 737 3871 prouid
754 3803 810 3859 GH
828 3804 841 3871 11
864 3805 892 3858 et
903 3805 931 3856 iu
942 3803 1101 3873 uirginitate
1114 3803 1142 3858 Β
1207 3801 1243 3858 12
1262 3801 1318 3855 siut
1330 3801 1423 3869 ulique
1441 3801 1473 3862 V,

351 3888 408 3941 elie
418 3887 474 3940 sint
485 3887 520 3941 H
531 3890 543 3955 11
561 3887 662 3942 fructus
678 3889 705 3942 V
754 3889 875 3945 lenanu
887 3889 915 3944 R
967 3889 1005 3945 14
1022 3889 1100 3944 rebus
1112 3889 1208 3944 ARV:
1220 3887 1324 3942 uiribus
1341 3887 1364 3941 G
1380 3889 1392 3954 u
1413 3901 1475 3955 pos-

352 3973 471 4026 sideatur
493 3973 521 4027 V
539 3974 552 4040 u
574 3973 782 4029 uisi—eertum
802 3976 845 4028 cet
863 3989 913 4028 oie
934 3974 961 4028 A
984 3975 996 4043 ΙΙ
1018 3975 1097 4029 tello:
1118 3974 1188 4028 enim
1216 3973 1264 4030 01:
1343 3971 1380 4028 16
1398 3971 1474 4025 niter

352 4060 475 4112 eetemee
491 4058 514 4114 0
533 4060 546 4126 ΙΙ
561 4074 636 4127 posse
648 4074 698 4113 om.
715 4060 742 4113 V
753 4061 766 4127 ΙΙ
782 4059 850 4114 setis
862 4075 911 4114 om.
931 4059 954 4114 0
972 4061 986 4127 ΙΙ
1008 4061 1115 4114 estem
1127 4075 1188 4113 uero
1200 4060 1260 4112 uite
1276 4058 1299 4113 0
1367 4057 1403 4113 17
1415 4073 1475 4111 orn·

352 4143 428 4197 mum
442 4143 478 4198 V:
495 4160 597 4198 ornnem
609 4145 690 4200 ΑΘΕ
742 4144 779 4202 18
796 4145 939 4214 promereri
951 4161 1026 4214 posse
1039 4145 1171 4214 scripture
1181 4145 1298 4198 testetur
1309 4142 1402 4198 dicens
1411 4143 1476 4196 ΑΗ

352 4228 410 4298 (sed
421 4244 471 4283 oue
483 4230 510 4282 A
520 4229 633 4300 diceusJ:
650 4230 794 4299 promereri
806 4245 883 4299 posse
896 4231 957 4298 (om.
974 4231 1009 4298 V)
1022 4231 1154 4299 scripture
1164 4230 1268 4284 dicente
1281 4229 1349 4293 RV,
1369 4243 1474 4298 prorue-

351 4315 406 4369 reri
425 4317 514 4383 potest
533 4315 665 4384 scripture
681 4315 826 4370 dicenteO
850 4317 863 4382 11
891 4315 915 4368 si
932 4315 974 4369 nis
992 4316 1081 4384 inquit
1097 4316 1124 4369 A
1152 4317 1165 4384 11
1193 4314 1228 4368 ed
1244 4313 1315 4367 AH:
1345 4315 1374 4368 in
1396 4313 1477 4368 GRV

405 4399 442 4457 19
460 4401 597 4470 peruenire
623 4401 655 4463 0,
673 4400 778 4470 ingredi
798 4403 827 4455 A
849 4403 861 4470 ΙΙ
883 4404 978 4455 cuncte
998 4417 1047 4456 ono
1067 4402 1095 4454 A
1165 4399 1204 4457 20
1220 4399 1346 4453 mandata
1366 4399 1436 4468 legis
1454 4398 1478 4454 G

351 4485 390 4543 21
409 4485 439 4540 iu
450 4501 501 4556 qno
510 4517 543 4526 -
552 4489 615 4540 ente
626 4485 715 4539 omnio
725 4488 765 4555 (o.
779 4488 809 4555 3)
821 4501 871 4541 one.
884 4487 911 4539 A
