3300 5142
449 522 453 538 Ι
560 552 722 608 Octauius
740 569 760 606 c.
783 554 819 612 15
833 553 902 611 -17,
1256 560 1297 625 21

169 710 359 787 claritatem,
374 707 497 772 habitos
511 725 577 772 osse
590 707 736 790 plebeios,
751 708 900 788 indoctos,
916 711 1109 776 seminudos:
1126 712 1199 778 adeo
1216 713 1299 779 diui·

169 815 216 878 tes
231 811 433 878 membribus
454 810 519 875 suis
541 811 688 896 inligatos
708 811 809 895 magis
832 831 943 877 aurum
964 814 1118 896 suspicere
1141 833 1299 882 consuesse

169 935 264 999 qnam
278 916 408 994 coelum,
423 916 575 981 nostrates
589 933 736 998 pauperos
759 916 790 979 et
811 916 1001 980 commentos
1023 935 1088 982 esse
1102 918 1299 1000 prudentiam

169 1022 201 1085 ct
214 1019 380 1084 tradidisse
394 1019 504 1085 ceteris
518 1017 725 1100 disciplinam.
741 1020 821 1082 unde
836 1020 962 1101 apparet
983 1020 1142 1105 ingenium
1156 1041 1217 1086 non
1231 1022 1299 1087 dari

132 1150 145 1189 s
169 1122 370 1188 facultatibus
392 1141 447 1187 uec
461 1121 564 1186 studio
579 1121 697 1205 parari,
723 1121 776 1185 sed
798 1142 870 1188 oum
893 1123 962 1206 ipsa
982 1123 1095 1188 mentis
1117 1123 1299 1191 formatione

169 1225 316 1310 generari.
344 1225 423 1290 nihil
437 1226 542 1308 itaque
557 1225 782 1309 indignandum
797 1227 848 1291 uel
863 1227 1039 1306 dolendum,
1071 1227 1098 1292 si
1114 1227 1326 1310 quicumquae

168 1331 207 1395 de
229 1329 344 1394 diuinis
365 1330 508 1412 quaerat,
530 1349 610 1410 qaae
630 1329 745 1394 sentiat
767 1331 916 1413 proferat,
939 1351 1010 1397 cum
1033 1351 1094 1398 non
1109 1331 1298 1414 disputantis

169 1435 345 1512 auctoritas,
357 1434 410 1498 scd
421 1432 640 1517 disputationis
651 1433 749 1514 ipsius
760 1434 877 1500 ueritas
889 1436 1071 1516 requiratur.
1089 1436 1181 1517 atquc
1192 1435 1298 1513 etiam,

169 1555 229 1619 quo
242 1537 414 1620 imperitior
429 1555 542 1616 sermo,
558 1537 616 1602 hoc
630 1535 792 1601 inlustrior
806 1537 886 1602 ratio
900 1538 961 1614 est,
978 1538 1122 1620 quoniam
1137 1555 1197 1602 non
1212 1538 1298 1603 iuca-

133 1642 222 1705 rotur
241 1659 354 1724 pompa
377 1640 537 1705 facundiae
559 1640 592 1705 et
611 1639 744 1725 gratiae,
767 1639 836 1718 sed,
859 1641 896 1706 ut
911 1641 972 1720 est,
988 1642 1065 1707 recti
1080 1641 1187 1726 regula
1201 1643 1297 1708 susti·

169 1744 268 1808 netur.

211 1846 277 1911 Nec
286 1864 401 1924 recuso,
418 1845 498 1927 quod
510 1843 662 1910 Caecilius
677 1846 814 1911 adserere
831 1846 911 1911 inter
925 1846 1089 1930 praecipua
1103 1846 1224 1912 conisus
1240 1847 1296 1926 est,
1310 1843 1347 1907 17

169 1949 326 2014 hominem
348 1966 437 2014 nosse
457 1967 490 2012 se
513 1950 545 2013 et
565 1949 796 2031 circumspicere
818 1949 941 2027 debere,
964 1949 1039 2031 quid
1060 1950 1121 2028 sit,
1144 1949 1224 2014 unde
1245 1950 1296 2030 sit,

170 2071 265 2135 quare
278 2052 335 2117 sit:
356 2053 463 2116 utrum
482 2051 641 2116 elementis
661 2054 819 2117 concretus
840 2072 879 2116 an
894 2053 1092 2118 concinnatus
1114 2054 1243 2134 atomis,
1258 2073 1297 2120 an

134 2156 273 2238 apotius
293 2172 312 2218 a
331 2154 395 2217 Deo
410 2153 526 2231 factus,
542 2155 704 2233 formatus,
726 2155 892 2220 animatus.
917 2155 999 2238 quod
1018 2155 1122 2238 ipsum
1142 2157 1325 2239 explorar02

169 2259 201 2323 ot
216 2277 320 2323 cruore
340 2258 406 2323 sine
426 2257 637 2323 uniuersitatis
657 2258 857 2341 inquisitione
877 2277 937 2324 non
957 2277 1136 2340 possumus,
1158 2277 1230 2323 cum
1252 2259 1298 2324 ita

169 2362 376 2440 cohaerentia,
392 2381 514 2440 conexa,
529 2363 728 2428 concatmata
743 2362 815 2439 sint,
832 2363 867 2427 ut
881 2362 942 2428 nisi
957 2361 1131 2427 diuinitatis
1147 2363 1297 2426 rationem

170 2466 336 2550 diligenter
349 2465 532 2543 excusseris,
548 2465 666 2531 nescias
679 2465 903 2544 humanitatis,
919 2484 974 2531 noc
988 2465 1086 2548 possis
1101 2465 1228 2548 pulchre
1243 2482 1297 2549 ge·

170 2588 235 2634 rere
247 2588 313 2635 rem
324 2569 459 2647 ciuilem,
475 2568 535 2633 nisi
547 2569 725 2652 cognoueris
736 2568 817 2633 hanc
829 2587 1023 2633 communem
1037 2567 1176 2632 omnium
1188 2567 1297 2632 mundi

134 2673 345 2749 rociuitatem,
360 2673 522 2755 praecipue
536 2691 607 2736 curn
622 2691 641 2736 a
655 2670 729 2737 ieris
743 2671 844 2738 beluis
859 2671 916 2738 hoc
932 2671 1129 2749 differamus,
1145 2669 1227 2753 quod
1241 2669 1298 2734 illa

169 2792 264 2856 prona
279 2775 312 2839 in
325 2777 499 2857 terramque
513 2776 675 2859 uergeutia
694 2775 775 2840 nihil
794 2777 868 2842 nata
888 2777 961 2842 suut
980 2777 1152 2858 prospicere
1166 2774 1226 2840 nisi
1242 2794 1296 2858 pa·

169 2877 287 2943 bulum.
317 2896 388 2957 nos,
404 2879 516 2960 quibus
531 2879 638 2943 uultus
659 2879 793 2957 erectus,
814 2878 926 2961 quibus
947 2878 1107 2961 suspectus
1129 2879 1163 2942 in
1177 2878 1296 2946 caelum

170 2982 260 3046 datus
275 2983 336 3060 est,
352 3001 453 3047 sermo
468 2981 608 3060 stratio,
623 3000 677 3063 per
691 2999 769 3063 quae
779 2982 881 3046 Deum
893 2981 1118 3064 adgnoscimus,
1135 2979 1295 3058 sentimus,

170 3083 344 3162 imitamur,
366 3083 506 3168 ignorare
526 3103 582 3149 nec
606 3083 655 3150 fas
677 3103 733 3149 nec
752 3085 825 3148 licet
849 3083 1038 3167 ingerentem
1058 3101 1124 3147 sese
1145 3083 1243 3149 oeulis
1264 3083 1296 3147 et

134 3187 308 3255 assensibus
322 3187 435 3253 nostris
450 3187 613 3252 caelestem
628 3187 819 3253 claritatem:
836 3187 991 3270 sacrilegii
1005 3187 1088 3252 enim
1103 3187 1154 3253 uel
1168 3186 1324 3252 maximia

168 3291 265 3355 instar
280 3291 344 3368 est,
359 3290 448 3354 humi
463 3309 607 3372 quaerero
622 3291 703 3373 quod
723 3291 756 3356 in
777 3291 906 3358 sublimi
927 3291 1037 3357 debeas
1058 3291 1204 3357 inuenire.
1236 3308 1296 3372 quo

168 3394 269 3477 magis
283 3392 362 3457 milri
377 3392 521 3459 uidentur
535 3394 589 3475 qui
604 3395 686 3459 hunc
707 3395 816 3460 mundi
839 3394 937 3461 totius
958 3396 1101 3460 ornatum
1114 3412 1175 3460 non
1189 3393 1296 3462 diuina

168 3495 286 3561 ratione
305 3494 475 3578 perlectum
490 3495 615 3576 uolunt,
639 3497 694 3562 sed
714 3498 821 3562 frustis
842 3497 1028 3581 quibusdam
1050 3501 1164 3564 temere
1188 3499 1296 3564 cohae-

167 3598 306 3663 rentibus
321 3599 547 3682 couglobatum,
563 3600 709 3678 mentem,
725 3619 859 3680 sonsum,
875 3600 978 3667 oculos
994 3602 1126 3684 denique
1140 3601 1221 3684 ipsos
1236 3620 1296 3688 nou

133 3703 289 3774 achaberc.
305 3701 380 3784 qnid
396 3701 478 3769 enim
492 3704 595 3785 potest
610 3722 676 3769 esse
690 3704 756 3770 tam
771 3705 928 3787 apertum,
944 3705 1012 3770 tam
1026 3704 1198 3774 confessum
1213 3705 1326 3770 tam-4

168 3825 226 3888 que
240 3806 451 3888 perspicuum,
476 3826 547 3872 cum
568 3807 671 3871 oculos
697 3807 730 3872 in
750 3807 871 3872 caelum
891 3807 1054 3872 sustuleris
1075 3809 1106 3872 et
1126 3826 1204 3890 quae
1224 3808 1297 3871 sunt

220 4027 236 4084 1
255 4027 380 4083 claritate
393 4028 421 4083 P
432 4033 448 4082 1
459 4045 492 4082 aa
511 4029 524 4097 ΙΙ
541 4029 606 4083 adeo
620 4031 677 4084 Pr:
692 4032 721 4082 at
732 4045 794 4083 uero
804 4029 923 4084 Vrsinus
928 4050 939 4097 ;
957 4035 987 4083 ot
998 4047 1025 4083 rc.
1039 4029 1158 4082 iadicem
1169 4027 1260 4082 cerbb.

167 4113 185 4168 2
204 4114 366 4185 susciperer
424 4114 442 4171 6
455 4131 625 4184 quaecunque
639 4131 655 4168 r
713 4115 731 4172 7
746 4117 858 4183 quaerat
870 4131 937 4183 quae
950 4115 1052 4169 sentiat
1063 4113 1210 4168 Isiudaer:
1230 4129 1297 4183 quae

167 4200 272 4254 onuPr
334 4200 477 4260 {lineatur
497 4217 528 4256 r:
547 4201 698 4271 fugatan
762 4201 798 4257 12
817 4201 981 4255 connixusr
1046 4200 1083 4256 14
1101 4199 1298 4255 aelementisP

177 4286 190 4353 11
212 4285 329 4340 athomis
346 4287 389 4341 Pr
462 4287 497 4344 17
517 4303 632 4341 connexa
649 4304 665 4341 r·
733 4287 773 4343 20
789 4286 923 4340 belluisr
990 4287 1026 4343 21
1047 4289 1109 4340 suut
1127 4286 1295 4340 Heamccc:

167 4369 222 4425 sint
235 4373 277 4425 Pr
328 4373 367 4430 22
384 4373 470 4427 Nobis
481 4373 633 4428 Heumann
685 4372 724 4429 23
742 4372 822 4426 datus
840 4375 868 4427 et
885 4389 969 4428 sermo
986 4373 1132 4440 Wopkens,
1160 4389 1200 4426 ca
1216 4371 1296 4425 datus

166 4459 209 4510 est
228 4460 256 4511 et
273 4459 382 4512 sermo?
405 4462 418 4528 ΙΙ
439 4459 517 4513 doum
530 4460 571 4514 P:
598 4459 762 4513 dominumr
841 4459 881 4516 24
898 4459 939 4512 les
960 4458 1181 4526 cstchmcaa5
1207 4461 1238 4512 ot
1258 4457 1294 4523 cs.

166 4546 280 4612 cauo
332 4544 370 4604 25
388 4544 541 4599 maximir:
560 4545 715 4600 maximeP
