3300 5142
619 535 783 592 Octauius
800 551 821 588 c.
842 535 922 592 s-4.
1313 535 1334 600 5

212 692 291 759 scias
305 692 398 758 huius
412 692 521 758 erroris
535 710 596 758 non
609 693 761 757 minorem
776 691 816 757 ad
830 692 862 755 te
877 709 970 773 quam
990 690 1030 755 ad
1055 691 1157 771 ipsum
1172 689 1333 754 infamiam

210 796 389 862 redundare.
427 814 497 861 cum
524 795 582 862 hoc
608 813 746 861 sermone
776 793 842 859 eius
872 793 1010 860 medium
1032 795 1169 876 spatium
1197 792 1361 860 civitatisa

211 900 327 965 emensi
342 900 406 964 iam
419 899 553 964 liberum
568 899 645 963 litus
659 898 849 963 tenebamus.
874 897 919 964 ibi
934 897 1062 962 harenas
1077 897 1223 976 extimas,
1245 896 1361 963 nelnt3

210 1003 360 1068 sterneret
373 1001 565 1079 ambulacro,
581 1001 765 1084 perfundens
779 1001 858 1066 lenis
873 1000 955 1064 unda
970 999 1128 1078 tendebat,
1155 1000 1187 1065 et
1200 1001 1237 1064 nt
1251 1017 1332 1065 sem·

189 1123 266 1189 sper
279 1123 363 1170 mare
377 1105 472 1170 etiam
486 1105 596 1189 positis
608 1103 737 1170 flatibus
751 1103 926 1186 inquietum
941 1104 1003 1181 est,
1016 1103 1075 1168 etsi
1089 1120 1150 1168 non
1164 1103 1248 1168 cana
1260 1120 1333 1184 spu-

210 1207 365 1290 mosisque
378 1207 525 1273 brennus
546 1208 649 1274 exibat
664 1208 703 1272 ad
717 1208 851 1284 terram
873 1208 977 1272 tamar
998 1206 1107 1289 crispis
1127 1203 1333 1287 tortuosisque

209 1309 327 1376 ibidem
342 1311 495 1376 erroribus
510 1311 656 1377 delectati
670 1328 818 1393 perquam
834 1329 956 1388 snmus,
980 1328 1051 1375 cum
1066 1310 1099 1375 in
1114 1309 1180 1392 ipso
1194 1308 1332 1391 aequoris

209 1413 318 1480 limine
338 1414 461 1498 plantas
483 1415 709 1499 tingueremns,
731 1413 812 1496 quod
834 1413 973 1480 uicissim
993 1431 1074 1479 nnnc
1097 1413 1263 1495 adpulsum
1277 1432 1332 1478 no·

209 1517 283 1584 stris
302 1517 432 1601 pedibas
452 1517 614 1583 adluderet
633 1516 760 1595 flnctus,
781 1536 862 1583 nnnc
882 1515 1020 1581 relabens
1035 1534 1071 1582 ac
1085 1515 1220 1600 uesffigia
1233 1516 1332 1581 retra-

175 1619 284 1686 1ehens
309 1621 343 1685 in
368 1639 433 1686 sese
452 1611 630 1686 resorberet.
668 1620 786 1686 sensim.
802 1620 908 1704 itaque
930 1619 1159 1702 tranquilleque
1178 1621 1362 1702 progressu

208 1741 294 1788 oram
309 1724 398 1790 curui
411 1724 548 1789 molliter
559 1724 660 1789 litoris
675 1723 735 1788 iter
745 1722 861 1788 fabulis
876 1723 1056 1788 fallentibus
1071 1721 1258 1807 legebamus.
1275 1722 1332 1786 hae

208 1825 333 1893 fabulae
348 1830 434 1892 erant
448 1826 558 1893 Octaui
573 1827 751 1893 disserentis
766 1826 804 1891 de
818 1826 1016 1910 nauigatione
1031 1825 1173 1890 narratio.
1208 1823 1262 1890 sed
1277 1824 1360 1889 nbis

208 1930 302 1995 eundi
316 1930 453 2013 spatium
469 1929 545 1995 satis
559 1930 678 1994 iustum
690 1948 762 1995 cnm
776 1947 915 1994 sermone
930 1928 1184 2010 consumpsimus,
1204 1927 1331 1993 eandem

208 2033 323 2098 emensi
338 2034 423 2098 niam
438 2051 544 2104 mrsns
558 2033 656 2098 uersis
672 2033 815 2117 uestigiis
830 2033 1021 2109 terebamus,
1038 2033 1155 2097 etcum
1170 2031 1209 2096 ad
1223 2031 1257 2096 id
1271 2031 1331 2096 loci

172 2156 197 2194 ιι
206 2138 337 2201 uentum
350 2138 413 2213 est,
436 2135 491 2201 ubi
506 2135 675 2201 subductae
693 2135 855 2201 paniculae
881 2135 1046 2200 substratis
1060 2134 1219 2199 roboribus
1235 2153 1254 2198 a
1267 2135 1331 2199 ter-

206 2256 280 2303 rcna
293 2238 364 2302 labe
378 2256 542 2320 suspensae
557 2237 770 2321 quiescebant,
786 2256 897 2319 pueros
923 2237 1060 2302 uidimus
1078 2237 1219 2302 certatim
1235 2237 1330 2321 gesti·

206 2342 290 2406 entm
305 2343 459 2406 testarum
475 2341 509 2406 in
526 2361 612 2406 mare
625 2341 865 2408 iaculationibus
879 2341 993 2406 ludere.
1010 2341 1037 2405 is
1051 2341 1139 2405 lusus
1154 2342 1201 2405 est
1215 2340 1358 2404 testame

205 2445 335 2510 teretem
349 2445 514 2510 iactatione
533 2445 686 2510 flnctuum
706 2445 877 2530 lenigatam
891 2445 993 2529 legere
1019 2444 1057 2509 de
1071 2443 1176 2520 litore,
1198 2461 1267 2508 eam
1281 2444 1330 2507 te-

206 2548 287 2612 stam
302 2547 394 2631 plano
409 2547 473 2613 situ
488 2547 597 2633 digitis
618 2549 854 2630 conprehensam
876 2547 1022 2612 inclinem
1042 2546 1145 2628 ipsum
1165 2545 1258 2627 atque
1271 2545 1330 2610 hu·

170 2651 314 2716 aomilem
325 2651 475 2734 qnantum
486 2653 589 2734 potest
603 2670 695 2734 super
705 2651 803 2716 undas
817 2651 972 2728 innotare,
990 2649 1118 2715 utillud
1129 2648 1264 2714 iaculum
1280 2648 1331 2713 uel

205 2753 330 2818 dorsum
340 2754 437 2820 maris
451 2755 574 2821 raderet
585 2754 651 2838 [uel
662 2755 827 2837 enamretJ,
843 2754 918 2818 dum
933 2753 995 2818 leni
1010 2753 1127 2834 impetu
1138 2751 1264 2831 labitur,
1280 2751 1331 2816 nel

204 2856 335 2923 summis
348 2856 495 2922 fluctibns
509 2859 607 2922 tonsis
622 2858 769 2924 emicaret
784 2858 1001 2941 [emergeret],
1017 2856 1092 2940 dum
1104 2855 1232 2920 adsiduo
1247 2855 1330 2920 saltu

204 2958 392 3025 subleuatnr.
423 2960 450 3024 is
471 2979 504 3026 se
525 2960 558 3026 in
571 2962 675 3042 pueris
690 2961 841 3026 uictorem
855 2959 985 3036 ferebat,
1013 2958 1100 3024 cuius
1117 2959 1198 3024 testa
1212 2959 1244 3024 et
1258 2975 1329 3040 pro-

202 3063 338 3128 curreret
351 3062 474 3148 longius
490 3065 522 3130 et
535 3063 726 3148 frequentius
740 3063 885 3129 exsiliret.

201 3284 241 3339 sic
253 3283 351 3353 eaden,
375 3285 448 3353 qaod
456 3292 606 3354 propterea
616 3285 783 3340 monendum
795 3291 849 3354 eet,
867 3285 940 3354 qnod
960 3285 1074 3354 qnidam
1090 3299 1152 3338 cnm
1173 3281 1327 3345 Lindnero,

202 3369 323 3424 Heruldc'
339 3370 520 3426 adnotatione
532 3387 682 3440 perperam
697 3371 849 3436 intellecta,
870 3372 1010 3440 putabant
1030 3372 1062 3425 in
1083 3369 1139 3424 eod.
1154 3374 1263 3424 exstare
1280 3385 1328 3422 un·

201 3455 297 3525 guines
308 3455 474 3522 ordinatum
492 3462 523 3511 at
534 3473 567 3510 ea
579 3457 656 3512 lectio
663 3459 788 3526 pertinet
800 3457 839 3512 ad
851 3457 954 3513 Arnob.
969 3458 993 3522 L
1007 3474 1028 3512 c.
1042 3461 1087 3512 39.

253 3559 272 3616 2
284 3557 407 3613 ciuitatis
418 3565 450 3614 at
458 3559 590 3630 ploaoemn
606 3559 658 3614 del.
674 3560 822 3626 Dentatus,
836 3561 944 3615 itineris
954 3563 1025 3616 cont.
1035 3561 1188 3616 Heumann
1241 3561 1259 3618 3
1272 3576 1328 3614 are·

200 3661 277 3700 naar
293 3647 306 3714 11
321 3643 473 3700 ueludPet
483 3647 642 3716 eiceaeptns
681 3646 977 3712 4tnndebatVreinne,
988 3647 1213 3702 radebatVeencr
1232 3649 1244 3716 ΙΙ
1261 3662 1328 3700 sem·

199 3747 247 3801 per
258 3733 287 3786 P
297 3747 366 3786 corr.
380 3747 414 3785 ea
426 3747 504 3801 super
550 3730 568 3788 6
589 3731 699 3802 »crispis
712 3732 739 3787 P
759 3734 772 3802 ΙΙ
794 3733 975 3802 tortuosisque
986 3735 1020 3788 P.
1033 3733 1137 3788 Daune
1149 3735 1194 3802 (in
1205 3733 1245 3786 cd.
1262 3733 1327 3787 Wo-

200 3819 293 3886 weri).·
311 3817 485 3887 tororisisqne
497 3819 532 3887 P,
544 3819 707 3873 sedanam
717 3834 786 3874 corr.
801 3819 962 3888 torosisque,
980 3826 1013 3874 nt
1025 3825 1063 3874 est
1074 3821 1135 3875 ine·
1186 3818 1205 3874 7
1217 3816 1328 3886 ibidem]

200 3903 296 3958 itidem
306 3904 353 3958 nel
368 3903 499 3958 undarum
510 3905 582 3959 coni.
599 3904 713 3969 Oetder,
727 3905 896 3974 nemeaeus
911 3905 1015 3960 Vaener
1031 3905 1178 3960 identidem
1230 3903 1248 3960 9
1267 3903 1327 3958 alli·

200 3988 274 4043 deret
289 3989 407 4044 Vrsinus
419 3989 541 4059 (pedibus
552 3989 704 4055 adluderet,
717 3990 814 4045 flnctus
824 4007 895 4044 nunc
906 3991 1027 4046 relabens
1039 4021 1072 4030 -
1081 3990 1229 4046 resorberet
1239 4005 1328 4057 prone

200 4075 361 4130 distinctum
378 4077 411 4130 tn
424 4076 530 4145 ala'qnot
546 4075 608 4131 edd.
625 4078 767 4145 recentt.);
788 4078 823 4144 cf.
848 4077 952 4131 Catulli
963 4077 1073 4146 epithal.
1085 4079 1130 4145 64,
1141 4080 1177 4130 67
1231 4077 1266 4131 ll
1280 4075 1328 4140 hec

199 4161 227 4214 P
238 4177 306 4216 corr.
319 4178 353 4215 na
363 4164 384 4216 2
395 4161 429 4216 tn
442 4161 491 4228 hoe
538 4161 575 4218 16
587 4161 651 4216 tabe
662 4162 796 4216 Dornbnrt
817 4165 830 4231 ΙΙ
852 4162 970 4218 uidimus
985 4162 1102 4218 Vsener:
1120 4161 1241 4216 uidemus
1250 4162 1294 4216 Pr·

199 4246 236 4302 21
259 4247 304 4300 nel
324 4249 446 4302 enataret
464 4247 522 4317 Pr,
544 4247 588 4301 uel
607 4248 745 4302 innataret
761 4249 910 4318 Wopkens,
933 4265 980 4304 nec
998 4249 1120 4304 enataret
1131 4248 1280 4312 Dantsina,
1299 4250 1327 4300 et

198 4331 274 4386 uelut
284 4334 393 4386 nataret
402 4331 536 4388 Donabart
541 4353 553 4402 ,·
564 4349 615 4388 noe
627 4333 771 4389 Buram
783 4341 895 4389 anctore
907 4335 1041 4404 (Literna
1059 4335 1241 4390 Oeretralbtutt
1253 4336 1326 4388 1863

194 4434 223 4486 p.
240 4420 306 4486 497)
322 4418 367 4472 uel
383 4421 453 4472 enat
471 4418 634 4474 inclusimus
656 4421 669 4488 ΙΙ
687 4419 760 4474 laeni
774 4421 802 4476 P
848 4421 886 4478 22
899 4423 1046 4492 emergeret
1058 4421 1109 4476 det
1132 4421 1271 4476 Woaoerns
1287 4419 1326 4487 (ct

198 4505 332 4573 mergeret
346 4504 476 4575 Vrsinus)
527 4504 708 4562 24esiliretr
