3300 5142
387 1483 559 1581 IVLII
598 1480 863 1579 FIRMIOI
905 1476 1209 1575 MATRRNI

549 1774 553 1782 ¹
733 1688 860 1753 mauu

286 1864 347 1927 nn
382 1860 575 1926 RRRoRR
610 1856 953 1924 PRounnARvn
985 1853 1307 1921 Rumauouvu.

276 2104 320 2135 a.
335 2067 414 2149 quod
435 2066 468 2129 in
489 2064 688 2130 fabricatione
702 2064 837 2131 hominis
852 2066 965 2147 ariifea
984 2064 1092 2145 efferii,
1113 2066 1148 2125 ut
1163 2065 1257 2125 oeteo
1280 2061 1416 2129 dixi-an.
1428 2089 1462 2130 ιι.

233 2190 312 2247 mus,
329 2170 438 2234 annuis
452 2168 642 2251 perditorum
658 2168 994 2235 commonitionibus„
1010 2165 1184 2249 speciabter
1199 2164 1360 2229 retexenda
1382 2166 1397 2218 1

234 2273 315 2337 sunt.
334 2272 372 2337 ire
386 2271 633 2353 testificationem
654 2271 801 2335 ueritatis
821 2270 995 2335 manifestis
1017 2268 1187 2335 rationibus
1207 2268 1360 2349 exemplo·

233 2394 363 2457 rumque
378 2376 566 2440 testimoniis
581 2375 805 2439 diuinationem
819 2372 1019 2456 probabimus
1041 2391 1096 2471 per
1119 2370 1277 2436 diabolum
1294 2388 1360 2435 osse

196 2498 209 2536 i
232 2479 392 2543 inuentam
407 2479 438 2542 et
452 2478 635 2560 perfactam,
658 2478 694 2542 ut
709 2497 762 2559 por
784 2477 842 2542 hoe
858 2477 985 2559 spiritus
1001 2474 1155 2540 maculata
1172 2473 1361 2558 cogitatione

233 2599 286 2663 spo
311 2580 411 2646 fluxae
440 2579 609 2659 solicitatis,
640 2599 783 2663 peruersa
813 2580 994 2644 discretione
1015 2578 1203 2659 pomerteret
1231 2578 1359 2642 miseros

231 2682 370 2749 homines
385 2685 539 2766 perpetuis
565 2683 795 2748 calamitatibus
816 2682 995 2765 implicitos.

275 2784 427 2864 Quattuor
442 2788 593 2852 elementa
614 2805 680 2851 esso
701 2786 851 2869 principia
866 2786 1074 2851 ereaturarum
1095 2802 1183 2867 memo
1204 2784 1390 2851 inuenitura

233 2890 286 2970 qui
301 2889 431 2967 dubitet,
448 2890 481 2954 id
495 2891 543 2954 est
556 2889 676 2974 ignom,
693 2908 815 2981 aquam,
832 2896 934 2953 utrem
949 2894 977 2951 et
991 2892 1114 2953 terram.
1139 2887 1193 2953 sed
1207 2888 1282 2952 haee
1297 2886 1359 2952 ele·

198 2993 336 3060 ramenta
347 2992 468 3057 diuersa
483 2992 666 3057 summatim
676 2994 829 3072 potestate
841 2992 1000 3057 contraria.
1013 2993 1046 3056 in
1057 3009 1157 3056 errore
1168 2992 1240 3055 sunt
1254 2991 1359 3071 Itaque

283 3230 375 3283 Primi
391 3231 581 3298 quaternionis
598 3246 656 3284 riom
672 3236 822 3299 superarent
846 3231 878 3284 ire
902 3229 992 3284 codiee
1016 3236 1081 3283 teste
1103 3229 1287 3283 Wilmarmoio
1303 3229 1360 3283 miei

231 3321 363 3383 quattuor
374 3316 444 3381 folia
460 3316 596 3369 interiora
613 3316 685 3383 (siue
701 3317 771 3382 folia
784 3317 910 3385 pmbtirm
923 3316 1020 3383 3-6),
1035 3316 1158 3384 priosum
1171 3321 1196 3369 et
1208 3314 1359 3369 secumdum

231 3406 258 3454 et
269 3400 312 3453 bia
323 3416 455 3454 comesam
465 3402 609 3469 septimum
622 3408 647 3455 et
659 3407 788 3456 omauom
798 3402 1018 3470 intercideramt5
1031 3402 1062 3455 ia
1068 3403 1164 3469 priore
1169 3402 1279 3471 monimo
1288 3402 1359 3469 folii,

230 3486 304 3555 qaod
315 3502 393 3541 aurae
405 3492 443 3540 eat
452 3487 582 3555 primum,
595 3494 676 3541 amris
686 3489 829 3556 scriptura
840 3505 926 3542 mamre
938 3489 1088 3543 recentiore
1095 3489 1201 3556 partim
1213 3489 1269 3542 olio
1281 3495 1359 3542 atra·

230 3572 530 3639 mentemperimdueto
547 3580 697 3641 reiterentu,
716 3575 837 3642 partim,
856 3575 904 3628 abi
924 3575 995 3629 nibil
1014 3576 1072 3628 iam
1091 3581 1149 3629 tum
1170 3575 1223 3644 ieqi
1239 3580 1359 3643 poterat,

226 3660 314 3726 plone
334 3674 410 3711 moue
430 3659 558 3726 suppleto
577 3665 659 3726 sremt‚·
682 3661 733 3713 bos
752 3661 908 3728 scripturus
928 3661 1060 3729 litterap
1080 3660 1280 3727 iudicauimus,
1308 3676 1360 3728 per

230 3750 317 3799 totam
328 3750 420 3799 autem
432 3744 532 3798 tibrum
543 3744 678 3799 uocabulo
691 3746 852 3815 litterasue,
870 3747 983 3815 quaein
996 3746 1085 3801 codiee
1103 3752 1153 3799 aut
1170 3747 1282 3800 marimo
1300 3746 1361 3811 fere

230 3836 409 3884 eueaueruret
426 3836 477 3883 out
495 3832 554 3884 alia
570 3847 657 3884 mamm
675 3838 812 3885 renouata
830 3838 911 3899 sumt,
930 3838 961 3885 eet
978 3833 1086 3886 ineerta
1104 3832 1203 3885 litteris
1216 3832 1362 3885 inclinatis

230 3916 413 3985 caprimenda
430 3918 597 3970 mraaimm.
666 3918 681 3973 1
702 3917 783 3987 quod]
801 3933 868 3987 quae
887 3920 956 3972 romi.
976 3918 1102 3972 Bursian
1125 3920 1137 3985 ΙΙ
1161 3917 1257 3971 artifex
1272 3917 1360 3971 effecit

229 4005 261 4055 nt
279 4005 394 4070 anteap
412 4001 511 4070 (effecit
527 4002 555 4055 P
571 4018 629 4056 more
645 4004 759 4056 ariolator
775 4005 911 4071 mouere)
973 4004 991 4059 2
1011 4001 1259 4057 commonitionibus
1280 4004 1360 4069 (oom-

229 4102 306 4141 mone
315 4116 348 4137 ω
358 4089 396 4157 Ρ)
414 4103 445 4141 ao
462 4088 778 4143 excommunicationibus
797 4106 821 4158 1²
844 4090 982 4143 ueteribus
1004 4090 1103 4143 titteris
1121 4105 1239 4157 prorsus
1257 4089 1360 4154 deletis,

229 4173 277 4225 aed
288 4174 409 4241 spatium
420 4173 531 4228 breuius
542 4174 652 4228 indicat
669 4192 687 4227 α
698 4192 783 4228 manu
799 4182 892 4229 uetere
909 4175 988 4229 aliud
1006 4176 1138 4243 scriptum
1155 4175 1242 4240 fuisse
1294 4176 1312 4231 3
1331 4175 1360 4228 in

229 4259 447 4313 testificatIonam
460 4260 586 4313 ueritatis
595 4277 629 4328 p,
649 4260 677 4314 in
689 4260 910 4315 testificationum
924 4278 949 4314 u.
962 4278 980 4314 a
1037 4262 1055 4317 6
1074 4262 1141 4327 fluxe
1157 4262 1184 4315 P
1194 4267 1226 4314 at
1237 4260 1359 4324 uidetur,

229 4342 297 4397 fluxe
313 4361 348 4412 p,
368 4344 438 4397 fluxa
453 4345 550 4399 Oebler
602 4345 620 4401 8
638 4362 715 4400 nemo
727 4364 760 4399 a:
779 4363 827 4401 om.
843 4349 876 4412 P,
890 4364 941 4401 non
953 4348 1080 4401 Bursian
1100 4348 1112 4415 Η
1133 4346 1269 4400 inuenitur
1281 4346 1358 4399 Berr-

228 4430 309 4483 aaa:
328 4430 444 4483 inueniri
457 4432 484 4483 P
495 4431 553 4500 (seo
564 4432 589 4484 ri
601 4449 634 4485 m.
648 4433 691 4501 2),
713 4435 754 4485 est
772 4451 790 4485 a
847 4432 864 4489 9
885 4434 945 4501 quis
960 4450 982 4501 p
999 4434 1011 4500 Η
1027 4431 1056 4486 id
1074 4434 1157 4485 ast-
1168 4434 1268 4485 tenum
1286 4432 1360 4485 obelo

229 4516 340 4569 notauit
360 4516 495 4571 Woeoeraes
518 4519 530 4584 ΙΙ
554 4534 641 4571 aorem
655 4521 682 4571 et
695 4535 729 4586 p;
752 4520 845 4572 malim
858 4536 952 4582 aerem,
967 4522 1064 4572 terram
