3300 5142
340 553 458 608 XXVIII

340 711 570 802 luisse‚‚sed
606 737 640 810 p.
665 715 725 802 12,
751 716 798 784 17
822 737 1026 812 operarum
1058 735 1184 786 errore
1220 737 1366 785 comma
1387 724 1476 811 post
1606 737 1607 806 fi

340 833 520 907 cantandi
537 834 671 931 puncti
690 832 776 908 loco
801 835 971 933 positum
993 844 1058 906 est.

392 1189 572 1292 Superest
595 1202 634 1267 ut
655 1192 702 1266 de
723 1192 838 1265 altera
859 1193 971 1266 huius
998 1191 1199 1266 uoluminis
1225 1203 1332 1290 parte
1355 1220 1476 1292 pauca

340 1315 518 1388 dicamus.
546 1338 631 1387 cum
652 1314 752 1386 enim
772 1312 926 1387 Minucii
941 1311 1089 1385 libellus
1103 1312 1214 1386 nimis
1238 1313 1375 1411 exiguo
1398 1339 1475 1387 am·

339 1433 422 1507 bitu
445 1459 525 1508 esse
546 1433 748 1524 uideretur,
763 1460 878 1532 quam
890 1445 933 1506 ut
947 1433 1099 1532 proprio
1114 1433 1305 1507 uolumine
1319 1436 1355 1507 in
1372 1460 1474 1508 nouo

340 1579 498 1652 corpore
521 1557 743 1652 scriptorum
756 1554 1090 1628 ecclesiasticorum
1106 1553 1300 1627 commode
1315 1554 1374 1627 edi
1388 1579 1475 1653 pos-

339 1685 412 1764 set,
452 1671 646 1749 Firmici
672 1673 876 1747 Materni
901 1673 1040 1747 librum
1073 1672 1118 1746 de
1146 1698 1273 1747 errore
1298 1676 1473 1773 prolana·

339 1821 426 1868 rum
443 1797 668 1894 religionum
686 1795 990 1896 subiungendum
1009 1793 1317 1869 existimauimus.
1344 1798 1375 1872 is
1398 1797 1474 1895 pri·

338 1941 446 1988 mum
474 1941 496 1987 a
521 1914 677 1990 Flacio
702 1916 903 2015 Illyrico
930 1941 961 1988 a
994 1917 1091 1988 1562
1120 1940 1168 1988 ex
1194 1916 1317 1989 codice
1353 1941 1470 2014 quon·

339 2035 426 2108 dam
453 2035 640 2110 Mindensi
665 2036 787 2110 editus
813 2047 886 2128 est,
926 2059 1089 2109 excusus
1117 2035 1346 2133 Argentinae
1373 2035 1474 2134 apud
1609 2072 1610 2102 l

337 2153 500 2228 Paulum
517 2155 852 2255 Machaeropoeum
877 2155 1089 2256 sumptibus
1103 2155 1289 2230 Iohannis
1303 2153 1471 2254 Oporini.
1609 2149 1610 2164 ¹

338 2278 458 2350 codex
483 2276 545 2351 ille
563 2276 628 2350 diu
645 2277 851 2364 delituerat
872 2277 990 2350 donec
1009 2273 1217 2350 Conrado
1237 2275 1471 2350 Bursiano

337 2407 422 2471 ante
448 2398 518 2471 bos
545 2398 673 2473 decem
701 2424 819 2472 annos
853 2399 1011 2496 contigit
1037 2406 1080 2468 ut
1105 2396 1263 2487 librum,
1304 2398 1369 2494 qui
1395 2399 1470 2470 iam

336 2542 407 2616 pro
426 2517 619 2616 deperdito
635 2518 853 2608 habebatur,
882 2519 919 2591 in
937 2517 1160 2592 bibliotheca
1173 2514 1354 2590 Vaticana
1371 2518 1469 2591 inter

336 2636 482 2710 codices
496 2635 685 2711 Palatinos
703 2637 840 2712 iterum
867 2639 1065 2711 inueniret.
1093 2647 1204 2734 atque
1230 2637 1291 2710 ille
1318 2639 1468 2736 quidem

336 2767 395 2832 tot
422 2782 541 2830 nouas
567 2759 742 2832 lectiones
769 2783 818 2832 ex
845 2759 969 2831 codice
988 2758 1053 2832 diu
1072 2757 1280 2831 desiderato
1298 2758 1468 2856 protulit,

336 2889 380 2951 ut
413 2879 549 2969 editio,
588 2903 685 2978 quae
725 2880 803 2952 eius
837 2903 928 2952 cura
953 2903 985 2950 a.
1021 2879 1117 2951 1856
1146 2876 1293 2975 Lipsiae
1319 2877 1469 2977 prodiit,

336 3025 412 3098 pro
435 3024 526 3072 uera
542 2999 710 3098 principe
727 3000 843 3073 libelli
859 2998 1030 3072 habenda
1048 2999 1105 3070 sit.
1133 2998 1198 3071 sed
1226 2999 1363 3072 infelici
1382 3023 1469 3072 casu

337 3121 549 3219 complures
577 3119 715 3193 codicis
734 3117 892 3193 Palatini
918 3120 1068 3192 chartae
1085 3129 1163 3190 tam
1181 3118 1279 3190 male
1305 3118 1469 3192 adfectae

336 3249 445 3332 sunt,
479 3239 638 3338 utquid
674 3241 855 3337 scriptum
883 3241 933 3313 sit
967 3240 1034 3311 clx
1060 3264 1109 3312 ex
1146 3237 1302 3335 singulis
1337 3239 1469 3312 litteris

336 3359 497 3433 diuinari
522 3361 651 3460 possit.
696 3361 805 3432 etiam
832 3359 938 3458 peius
965 3361 1026 3432 alii
1059 3360 1131 3432 loci
1158 3383 1197 3432 sc
1223 3359 1387 3448 habent,
1432 3361 1469 3431 in

337 3478 476 3576 quibus
519 3490 644 3554 uetere
684 3481 871 3576 scriptura
911 3504 1067 3578 prorsus
1108 3480 1273 3552 extincta
1306 3503 1329 3550 a
1354 3503 1469 3551 manu

335 3600 541 3674 recentiore
555 3625 657 3674 noua
674 3624 793 3699 eaque
802 3601 940 3698 partim
959 3600 1078 3673 aliena
1094 3599 1361 3697 superinducta
1370 3609 1470 3673 sunt.

333 3719 370 3792 in
401 3719 543 3817 aliquot
570 3719 751 3794 eiusmodi
779 3719 897 3809 locis,
941 3744 1105 3819 quorum
1141 3721 1346 3819 scripturas
1382 3743 1469 3793 ase

336 3839 522 3939 dispectus
556 3840 765 3914 Bursianus
804 3840 885 3938 ipse
918 3841 1077 3914 inceitas
1112 3865 1193 3914 esse
1225 3839 1468 3932 indicauerat,

334 3983 393 4032 me
419 3970 569 4058 petente
595 3960 836 4058 Augustus
864 3957 1116 4035 Wilmanns
1150 3960 1315 4034 codicem
1344 3960 1468 4034 denuo

335 4080 516 4177 inspexit:
545 4107 593 4154 ex
619 4083 726 4154 cuius
753 4078 996 4155 relationibus
1023 4107 1108 4155 cum
1136 4082 1206 4155 boc
1233 4082 1469 4170 constitisset,

336 4223 472 4297 operae
498 4200 663 4299 pretium
688 4199 822 4289 uideri,
856 4212 899 4273 ut
930 4211 1035 4274 totus
1063 4201 1181 4275 codex
1207 4203 1343 4274 iterum
1369 4201 1468 4298 lege·

334 4329 459 4410 retur,
500 4321 678 4394 mandatu
711 4320 923 4394 academiae
950 4319 1252 4396 Vindobonensis
1285 4321 1395 4418 Aug.
1423 4315 1469 4393 Ο.

335 4438 400 4514 Fr.
427 4439 619 4534 Lorenz‚
657 4442 765 4514 cuius
794 4441 979 4514 enarratio
1006 4439 1254 4514 Most-ollarias
1276 4439 1470 4514 Plautinae
