3300 5142
359 534 385 583 X

359 702 458 764 recte
479 689 660 764 dicentem
687 715 796 788 quam
816 689 923 763 unius
942 691 1165 764 detractione
1185 691 1326 766 soloece
1344 692 1494 792 loquen-

359 822 432 885 tem
457 811 572 884 lacere
594 809 804 901 maluimus,
828 811 945 884 codex
969 809 1065 883 enim
1089 837 1161 885 non
1186 811 1405 902 immoletur,
1430 815 1493 887 sed
1586 873 1587 876 η

361 930 584 1004 immolaetur
605 929 723 1004 habet.
1586 931 1587 946 ¹

412 1051 496 1151 Gap.
521 1056 556 1141 8,
575 1054 599 1123 4
622 1051 715 1125 hanc
736 1051 929 1126 lectionem
952 1051 1122 1126 traditam
1141 1063 1176 1126 et
1196 1051 1380 1152 uolgatam
1401 1046 1493 1127 ‘tem-

354 1172 425 1272 plo
446 1185 488 1246 ut
509 1173 612 1246 bruto
634 1172 847 1270 despiciunt,
885 1173 968 1246 daca
998 1173 1189 1269 despuunt,
1230 1173 1347 1247 rident
1377 1199 1492 1262 sacra,

359 1293 567 1366 macerentur
587 1293 755 1382 miseri,
782 1295 816 1367 si
836 1295 904 1391 sos
927 1306 990 1383 eat,
1018 1294 1260 1383 sacerdotum,
1289 1293 1438 1368 tonores
1467 1305 1495 1366 et

354 1437 543 1510 purpurae
565 1412 764 1510 despiciunt
785 1413 876 1511 ipsi
895 1413 1073 1488 seminudi
1089 1405 1167 1486 etc'
1194 1413 1347 1487 tolerare
1369 1413 1494 1512 nequi-

361 1533 490 1624 uimus‚
510 1533 573 1606 scd
592 1534 763 1607 audacter
780 1532 1010 1633 scripsimus:
1028 1533 1237 1609 miserentur
1254 1534 1376 1608 miseri
1388 1533 1481 1631 ipsi
1485 1591 1493 1614 ,

358 1653 394 1726 ai
414 1653 484 1750 sas
510 1665 579 1744 eat,
607 1655 841 1728 sacedotum.
879 1680 962 1726 nam
986 1653 1057 1727 nisi
1079 1680 1279 1754 pronomen
1304 1655 1380 1752 ipse
1402 1654 1494 1727 adie-

359 1773 472 1863 ceris,
499 1775 716 1848 sententiam
739 1776 986 1875 imperfectam
1020 1775 1135 1850 uideri
1168 1776 1287 1875 quiuis
1310 1775 1493 1874 intelleget
1586 1851 1587 1882 i

361 1895 424 1994 qui
449 1895 559 1968 uerba
581 1895 641 1967 illa
662 1897 700 1968 in
720 1921 926 1970 sermonem
946 1923 1052 1970 suum
1071 1907 1215 1971 uertere
1234 1895 1401 1971 uoluerit.
1432 1919 1493 1969 nec
1586 1963 1587 1990 1

360 2015 465 2090 aliter
482 2041 524 2090 ea
542 2041 645 2090 uersa
664 2016 888 2107 inuenimus3
916 2016 969 2090 sic
987 2017 1081 2091 enim
1102 2017 1178 2090 fere
1195 2019 1493 2116 interpretantur:
1586 2033 1587 2112 3

360 2136 412 2210 sie
434 2135 603 2235 belclapm
625 2135 733 2211 selbot
755 2136 1070 2236 hemmerammi,
1099 2163 1200 2212 menn
1224 2162 1259 2212 ea
1282 2137 1424 2212 orlaubt
1444 2138 1493 2226 ist,
1586 2229 1587 2236 ἵ

349 2257 419 2330 uie
443 2253 604 2331 Prie-tter.
632 2256 725 2330 ratio
748 2267 870 2331 autem
893 2257 1109 2332 emendandi
1131 2259 1167 2331 in
1192 2259 1263 2332 hoc
1285 2257 1433 2356 quidem
1456 2254 1494 2328 li·

300 2407 303 2413 ¹
360 2377 455 2450 bello
474 2404 549 2451 non
568 2377 721 2450 nimium
739 2377 859 2451 audax
877 2378 1081 2468 uidebitur3
1108 2405 1209 2471 nam,
1233 2391 1275 2452 ut
1297 2377 1368 2451 iam
1388 2400 1494 2475 supra
1586 2361 1587 2442 Ϊ

362 2497 500 2596 aliquot
523 2497 699 2598 exemplis
730 2499 1083 2589 demonstrauimus,
1116 2499 1152 2572 in
1183 2499 1307 2573 codice
1330 2495 1491 2571 Parisino
1586 2551 1587 2566 ,

362 2618 550 2717 complura
573 2617 746 2693 uocabula
768 2620 813 2692 ad
837 2620 1054 2694 sententiam
1077 2619 1277 2693 necessaria
1300 2617 1347 2691 ob
1372 2615 1494 2691 simili·
1586 2599 1587 2684 ὲ

362 2739 527 2812 tudinem
557 2739 788 2838 potissimum
828 2740 1030 2814 litterarum
1071 2739 1417 2814 terminat-ionumue
1456 2738 1494 2810 li·
1586 2753 1587 2766 ²

361 2858 474 2933 brarii
505 2861 732 2959 neglegentia
762 2863 897 2935 omissa
919 2861 1253 2961 deprehenduntur.
1281 2859 1333 2934 sic
1356 2863 1428 2935 iam
1450 2858 1490 2933 ab
1586 2853 1587 2878 ¹

362 2980 459 3071 aliis,
478 2991 521 3053 ut
543 2983 683 3055 minora
704 2981 938 3073 omittamus,
959 2995 1056 3057 recte
1079 2983 1114 3056 hi
1140 2983 1210 3056 loci
1233 2981 1392 3080 suppleti
1412 2989 1494 3054 sunt
1586 3015 1587 3094 p

363 3107 444 3192 co,
468 3107 485 3174 l
507 3115 755 3201 utprotecum..
774 3103 982 3201 repudiaris
1002 3102 1161 3194 altorum,
1195 3100 1391 3203 [alimum]
1410 3125 1494 3177 com·
1586 3101 1587 3164 ἓ

352 3223 544 3319 'probarim
566 3227 600 3314 8,
624 3229 641 3296 l
665 3224 756 3299 laone
773 3223 980 3321 religionem
999 3237 1071 3296 tam
1089 3235 1274 3314 uetustam,
1294 3220 1411 3322 [tom]
1431 3220 1495 3296 uti·
1586 3203 1587 3230 ³

365 3340 440 3432 lem,
457 3355 528 3415 tam
540 3342 718 3418 salubrem
728 3342 922 3419 dissoluere
931 3345 1083 3444 (pariter
1097 3343 1339 3418 necessarium
1350 3343 1495 3417 uidetur

363 3488 392 3535 c.
411 3466 470 3554 19,
493 3469 539 3537 10
560 3466 614 3538 sie
631 3466 838 3539 emendare:
868 3462 1051 3540 Cleanthes
1071 3465 1162 3539 enim
1180 3476 1328 3538 mentem
1337 3460 1493 3563 [mocl0},

362 3583 467 3657 modo
482 3586 650 3677 animum,
670 3585 774 3661 modo
793 3585 952 3677 orthem,
971 3585 1181 3684 plerumque
1202 3585 1375 3657 rationem
1398 3584 1496 3657 deum
1586 3673 1587 3694 Χ

364 3703 565 3799 disseruit);
592 3731 622 3779 c.
646 3709 706 3796 23,
732 3710 753 3780 6
777 3705 854 3780 illio
876 3707 898 3804 l
907 3703 1113 3805 Vulcanus]
1138 3703 1240 3778 Iouis
1254 3702 1399 3804 fulmen
1422 3725 1496 3777 mro

364 3827 503 3898 Aeneae
525 3825 636 3899 armis
659 3827 697 3900 in
720 3827 848 3901 incudo
861 3826 1090 3925 fabricatur,
1127 3849 1347 3924 quamquam
1370 3825 1406 3897 in
1431 3823 1496 3896 hoc

364 3943 444 4018 loco
467 3946 761 4045 supplementum
789 3948 862 4020 iarn
885 3946 929 4019 ab
953 3945 1124 4020 Vrsino
1147 3946 1281 4019 factum
1306 3939 1495 4019 nouissimi

364 4064 521 4140 editores
544 4066 784 4140 necessarium
808 4091 888 4140 esse
911 4067 1034 4140 nescio
1065 4091 1136 4165 qua
1159 4064 1330 4139 caecitate
1360 4063 1495 4138 intelle·

364 4210 451 4283 gere
473 4185 687 4278 noluerunt3
724 4213 753 4261 c.
778 4189 884 4278 38,1
919 4212 963 4261 ne
994 4187 1076 4285 quis
1098 4184 1207 4287 [nos]
1239 4185 1407 4259 existimet
1438 4191 1497 4258 out

365 4306 593 4382 doctoralia..
622 4307 741 4382 cedere
763 4319 828 4382 aut
856 4319 998 4380 nostrae
1037 4305 1223 4406 religionis
1257 4306 1410 4404 pudere,
1439 4299 1496 4375 ubi

365 4425 519 4500 adiectio
541 4429 766 4526 pronominis
789 4427 859 4501 iam
883 4437 1033 4528 propter
1057 4426 1209 4501 uerbum
1227 4426 1366 4524 pudere
1394 4450 1494 4524 pror·
