3300 5142
309 505 355 570 44
732 502 875 556 llinueii
894 503 1023 558 Felicis

310 658 363 723 uel
377 659 559 724 inhumanas
573 657 718 724 uictimas
732 659 872 736 medere,
902 659 1051 726 Romanis
1066 658 1219 726 Graecum
1234 663 1266 726 et
1281 659 1442 738 Graecam

310 760 438 826 Gallum
449 764 481 826 et
487 759 609 826 Gallam
621 761 765 826 sacrificii
775 761 840 826 loco
852 763 994 828 uiuentes
1005 763 1142 840 obruere,
1151 763 1302 846 hodieque
1313 763 1353 828 ab
1364 766 1441 848 ipsis

310 863 445 928 Latiaris
459 864 600 947 Iuppiter
614 864 780 930 homicidio
801 865 932 943 colitur,
947 869 980 930 et
994 866 1075 948 qnod
1090 865 1215 932 Saturni
1230 867 1296 932 lilio
1311 867 1442 951 dignum

279 968 367 1044 aest,
396 966 517 1031 maliet
531 967 613 1031 noxii
636 966 771 1032 hominis
791 969 941 1052 sauguine
961 969 1132 1052 saginatur.
1154 970 1256 1052 ipsum
1282 971 1372 1036 credo
1385 971 1441 1035 do-

310 1070 411 1134 cuisse
426 1069 586 1153 sanguinis
599 1069 720 1134 foedere
736 1072 895 1136 coniurare
908 1071 1085 1150 Catilinam,
1098 1075 1130 1138 st
1145 1073 1308 1138 Bellonam
1320 1092 1464 1138 sacrums

310 1191 403 1237 suum
431 1173 545 1238 haustu
565 1173 693 1237 humaui
713 1174 828 1238 cruoris
849 1174 1003 1253 imbuere,
1034 1179 1067 1240 et
1085 1175 1274 1241 eomitialem
1300 1177 1441 1242 morbum

282 1275 446 1342 thominis
461 1275 620 1360 sanguino,
636 1277 669 1339 id
684 1278 731 1340 est
745 1279 852 1343 morbo
868 1279 1008 1361 graviore
1023 1297 1139 1344 sanare.
1156 1296 1216 1344 non
1227 1279 1395 1345 dissimiles
1410 1283 1442 1344 et

311 1379 364 1462 qui
380 1379 418 1442 de
432 1377 546 1443 harena
559 1378 641 1444 teras
651 1379 801 1445 denotant
811 1381 919 1446 inlitas
934 1383 966 1446 et
981 1381 1110 1446 infectas
1120 1399 1226 1446 eruore
1232 1382 1282 1446 uel
1294 1383 1443 1448 membris

310 1481 446 1546 hominis
460 1483 493 1546 et
508 1482 626 1547 uiscere
640 1484 805 1566 saginatas.
822 1484 911 1549 nohis
925 1483 1129 1550 homicidium
1140 1503 1195 1550 neo
1210 1485 1315 1550 uidere
1326 1485 1374 1550 las
1388 1505 1443 1551 nec

312 1584 428 1662 audire,
444 1587 629 1668 tantumque
643 1586 683 1650 ab
698 1587 832 1652 humano
848 1586 996 1672 sauguine
1014 1606 1168 1664 canemus,
1185 1590 1221 1652 nt
1235 1607 1290 1654 nec
1304 1588 1443 1654 edulium
1452 1617 1480 1656 ιο

310 1707 455 1770 pecorum
466 1689 499 1754 in
513 1689 592 1754 cibis
606 1690 787 1774 sanguinem
801 1695 987 1755 nouerimus.

259 1790 299 1853 31
355 1792 397 1856 Et
410 1791 450 1856 de
464 1792 581 1856 incesta
596 1793 739 1858 conuiuio
753 1793 894 1858 fabulam
909 1793 1057 1878 grandem
1072 1793 1237 1860 aduersum
1250 1813 1307 1860 nos
1318 1794 1443 1860 daemo-

311 1915 386 1961 num
402 1895 495 1958 coitio
510 1895 643 1960 mentita
656 1898 722 1974 est,
743 1899 780 1960 ut
794 1896 928 1980 gloriam
951 1897 1119 1979 pudicitiae
1133 1897 1281 1962 deformis
1296 1897 1442 1962 infamiae

312 1997 485 2080 aspersione
506 1996 692 2076 macularet,
723 2000 759 2062 ut
778 2001 850 2063 ante
871 2000 1061 2082 exploratam
1084 2000 1250 2066 ueritatem
1271 2000 1443 2064 hominess

283 2101 400 2166 anobis
419 2103 534 2165 terrore
554 2099 698 2166 infandae
724 2102 876 2185 opinionis
903 2103 1065 2168 auerteret.
1097 2103 1142 2168 sio
1168 2103 1205 2167 de
1231 2103 1291 2168 isto
1312 2105 1345 2168 et
1371 2105 1480 2171 tunsa

311 2204 424 2269 F10uto
447 2223 507 2270 non
531 2205 568 2268 ut
588 2203 769 2270 adfirmator
788 2205 1003 2270 testimonium
1025 2205 1113 2283 feeit,
1144 2206 1197 2270 sed
1217 2207 1392 2273 conuicium
1408 2209 1444 2271 ut

311 2310 413 2374 orator
426 2309 595 2390 adspersit:
621 2307 696 2375 haec
712 2308 795 2373 enim
809 2308 913 2390 potius
928 2308 965 2372 de
981 2309 1094 2374 uestris
1110 2309 1255 2394 gentibus
1271 2311 1346 2374 nata
1360 2312 1442 2374 sunt.

282 2411 360 2477 tius
375 2415 423 2476 est
437 2411 520 2492 apud
530 2411 640 2475 Persas
655 2411 778 2475 misceri
793 2431 866 2474 cum
878 2411 1040 2488 matribus,
1056 2411 1223 2495 Aegyptiis
1234 2412 1444 2478 etAthenien-

311 2514 397 2580 sibus
417 2533 489 2578 cum
508 2513 663 2578 sororibus
685 2513 829 2597 legitima
855 2513 1002 2590 conubia,
1034 2515 1199 2580 memoriae
1219 2517 1251 2580 et
1267 2515 1444 2600 tragoediae

311 2617 434 2684 uestras
448 2616 574 2682 incestis
589 2615 772 2699 gloriantur,
788 2635 865 2699 quas
881 2635 936 2681 uos
950 2617 1082 2682 libenter
1097 2620 1129 2682 et
1143 2617 1251 2702 legitis
1266 2619 1298 2682 et
1307 2617 1440 2690 auditis3
1451 2651 1479 2692 m

311 2722 357 2785 sic
371 2722 403 2787 et
416 2719 488 2784 deos
504 2718 606 2784 colitis
628 2719 774 2798 incestos,
805 2739 876 2784 cum
901 2721 1014 2797 matre,
1045 2739 1117 2786 cum
1136 2719 1220 2798 filia,
1247 2739 1318 2784 oum
1339 2739 1442 2785 sorore

282 2821 498 2894 aconiunctos.
515 2823 625 2888 merito
638 2823 736 2906 igitur
750 2823 902 2888 incestum
917 2841 1008 2904 penes
1023 2840 1078 2888 uos
1090 2841 1180 2906 saepo
1195 2821 1443 2904 deprehenditur,

313 2944 433 3008 semper
447 2925 634 2992 admittitur.
665 2927 761 2990 etiam
775 2926 959 3004 nescientes,
980 2925 1102 3004 miseri,
1126 2926 1257 3009 potestis
1272 2926 1305 2990 in
1322 2925 1445 2990 inlicite

311 3047 469 3112 proruere:
485 3030 560 3095 dum
576 3029 726 3094 Venerem
740 3029 892 3112 promisce
914 3029 1080 3113 spargitis,
1103 3029 1180 3094 dum
1194 3028 1310 3146 poesim
1333 3028 1445 3093 liberos

365 3289 380 3340 1
398 3286 442 3340 uel
455 3287 614 3340 inhumanas
625 3286 757 3355 plomerm
767 3285 882 3339 uidetur
899 3288 911 3353 11
928 3285 1018 3340 cedere
1028 3285 1056 3338 P
1075 3285 1088 3352 11
1109 3283 1236 3338 Romanis
1252 3283 1344 3338 Vouclr
1357 3283 1443 3338 Lecti.

312 3373 378 3428 Lae.
392 3377 444 3426 ὅθι
463 3372 565 3426 romani
586 3372 629 3426 Pr
714 3371 877 3428 2sacridcii
895 3372 934 3438 P,
962 3369 1076 3424 sacrifici
1097 3387 1124 3434 r,
1152 3369 1281 3424 sacrificio
1298 3369 1443 3432 Wowerus,

313 3457 452 3513 sacrificiis
472 3457 626 3528 Ripaltius,
656 3457 684 3512 in
705 3457 844 3512 sacrificiis
869 3457 961 3511 Vonel:
982 3463 1007 3511 et
1030 3457 1180 3524 Wopkens,
1213 3455 1282 3510 sacri
1304 3456 1362 3509 uice
1383 3455 1443 3510 Jue.

317 3544 494 3611 Gronouius,·
523 3559 574 3598 nos
596 3543 653 3598 loco
676 3543 837 3597 addidimus
900 3543 1071 3602 5uellonsm
1089 3543 1116 3596 P
1138 3545 1150 3611 11
1173 3557 1279 3596 seruum
1299 3557 1376 3595 suum
1397 3558 1413 3593 r

313 3630 431 3686 deusta
444 3630 471 3684 P
534 3629 621 3684 lnon
633 3629 765 3683 dissimile
778 3633 835 3694 cst,
855 3645 914 3682 oum
927 3629 1079 3682 Heumann
1092 3627 1150 3682 coll.
1168 3628 1280 3682 Tertull.
1299 3627 1411 3696 Apol9
1456 3687 1460 3694 ,

313 3715 451 3772 8hsrons
464 3717 505 3771 P:
532 3731 614 3769 arens
634 3715 694 3769 edd.
719 3719 731 3783 11
753 3716 867 3769 inlectus
887 3733 922 3768 r:
947 3715 1064 3768 inlectus
1076 3715 1103 3768 P
1155 3713 1173 3770 9
1192 3712 1296 3768 uideret
1317 3715 1356 3780 P,
1374 3713 1444 3767 sedt

313 3817 394 3856 eroso
416 3805 428 3870 11
451 3819 499 3856 nec
511 3801 603 3856 audire
615 3802 688 3855 obelo
699 3803 810 3857 maun
822 3803 975 3856 Heumann
1028 3801 1065 3858 12
1083 3799 1262 3854 demonumP
1315 3801 1352 3856 13
1365 3799 1444 3853 coitio

317 3889 451 3942 Vrsinus:
477 3888 547 3942 cotio
571 3889 611 3954 P,
641 3888 728 3942 contio
751 3889 779 3942 P
799 3904 869 3942 corr.
891 3904 978 3941 monn
999 3890 1019 3940 2
1040 3893 1102 3940 etr
1156 3885 1194 3941 14
1212 3884 1363 3954 aspersione
1381 3884 1443 3938 Wo-

313 3989 414 4028 roerus:
438 3973 575 4028 suessione
587 3973 630 4028 Pr
694 3976 731 4034 15
752 3979 838 4027 terror
858 3975 1009 4027 Heumann
1074 3971 1110 4029 16
1129 3972 1217 4026 fronto
1238 3987 1290 4024 non
1312 3973 1343 4024 ut
1368 3969 1444 4023 adfir-

313 4063 401 4114 mstor
422 4061 450 4114 P
472 4076 541 4114 corr.
564 4065 579 4113 l
599 4077 686 4114 manu
706 4060 850 4114 extreme
877 4075 929 4113 nou
953 4062 984 4113 ut
1008 4057 1131 4112 adfirmor
1159 4059 1171 4124 11
1199 4056 1346 4110 conuitium
1370 4057 1412 4110 Pr

315 4145 353 4202 17
372 4146 514 4214 espersitr
536 4147 549 4213 11
572 4145 693 4200 sentibus
709 4146 802 4200 Vosne
814 4145 848 4199 L.
862 4146 895 4198 L.
909 4163 935 4212 p.
950 4149 985 4199 59
998 4145 1056 4200 coll.
1072 4143 1180 4199 Sedrelii
1193 4143 1292 4196 Poscit
1307 4143 1365 4204 ΙΙΙ,
1389 4145 1445 4196 249

324 4233 338 4299 11
353 4233 418 4285 nota
430 4234 492 4285 sunt
504 4233 656 4286 Heumann
705 4231 741 4288 18
753 4231 963 4285 Atheniensibus
974 4231 1128 4286 Wowerns:
1142 4228 1256 4283 Athenis
1267 4227 1309 4282 Pr
1318 4229 1448 4298 (Aegypti

314 4316 469 4372 etAthonis
481 4318 622 4386 Lindner)
688 4317 723 4373 19
741 4317 855 4370 conubia
867 4316 974 4372 Pcorr.
994 4335 1028 4370 en
1045 4315 1171 4380 conbuis,
1190 4313 1321 4368 connubia
1338 4314 1398 4368 edd.
1425 4318 1437 4382 11

315 4403 464 4458 comoediae
485 4405 513 4456 et
533 4403 686 4473 tragoediae
703 4403 822 4456 Vrsinus
880 4403 918 4458 24
936 4405 1079 4472 promisces
1092 4403 1119 4456 P
1138 4407 1205 4456 ante
1224 4416 1365 4465 rasurum,
1386 4417 1446 4469 pro·

315 4505 444 4544 mrscuer
