3300 5142
299 457 342 522 ‘24
715 455 863 526 Sulpicii
881 456 998 509 Seueri

270 612 492 695 btumhloyses
510 615 540 678 iu
555 613 598 678 Or
612 624 749 678 montem
764 615 822 676 iter
837 612 1005 688 conuertit,
1019 611 1117 674 uetiti
1131 611 1184 674 nia
1197 609 1369 681 absum,
1382 625 1423 672 no

298 733 391 798 qnam
405 717 485 780 inter
499 718 736 802 consanguineos
751 735 875 780 canem
893 715 969 778 belli
982 715 1154 796 praeberet.
1175 713 1209 777 in
1222 731 1318 795 coque
1331 729 1423 776 cursu

299 837 402 902 mem
421 821 522 904 gentis
542 819 789 886 thananacorum
808 819 933 883 deleuit.
955 817 1034 882 Seon
1053 835 1172 898 quoqne
1184 835 1290 899 regern
1309 816 1424 879 Amor·

299 939 437 986 rasorum
460 924 588 1004 perculit
609 924 811 1005 omnibusque
832 941 937 986 eorum
958 920 1078 1002 oppidis
1098 920 1217 1001 potitus
1238 921 1301 982 est:
1322 919 1423 982 Bm

298 1025 393 1088 etiam
413 1027 444 1089 et
464 1027 557 1090 Baiae
577 1045 662 1110 reges
682 1027 806 1090 deuicit.
828 1030 928 1088 cusu-a
946 1042 1037 1104 super
1050 1023 1211 1086 Iordanem
1229 1021 1313 1086 hand
1333 1021 1424 1103 longe
1445 1036 1460 1074 ⁵

298 1126 337 1190 ab
353 1127 470 1191 lericho
490 1129 617 1192 molitus
636 1131 692 1192 est.
713 1132 781 1192 tum
796 1128 941 1192 aduemns
956 1127 1141 1190 Madianitas
1160 1127 1311 1189 certatum
1330 1124 1424 1188 uicti·

270 1245 357 1310 oque
372 1231 403 1293 et
417 1231 535 1294 subacti
551 1235 631 1296 sunt.
647 1233 767 1314 Moyses
781 1236 921 1296 mortuus
935 1233 993 1296 est
1003 1248 1076 1293 cnm
1089 1247 1136 1292 11,
1150 1229 1184 1292 in
1197 1229 1316 1291 deserto
1329 1243 1424 1290 annos

298 1331 410 1414 populo
429 1333 619 1414 praefuisset.
641 1336 775 1398 ceterum
790 1333 922 1398 Hebraei
941 1332 980 1396 ob
995 1332 1079 1415 hanc
1098 1350 1222 1395 musam
1241 1333 1328 1394 tanto
1342 1331 1424 1393 torn

299 1452 371 1517 pore
391 1435 424 1499 in
443 1455 543 1500 eremo
563 1436 657 1500 fnisse
671 1437 850 1505 traduntur.
870 1435 965 1499 donec
977 1453 1093 1500 omnes,
1108 1434 1161 1516 qni
1175 1433 1278 1497 uerbis
1292 1433 1351 1496 Dei
1363 1449 1425 1496 uon

301 1535 503 1616 crediderant,
525 1539 693 1605 interirent.
714 1541 837 1621 excepto
857 1539 941 1604 enim
959 1539 1030 1602 Iesu
1042 1541 1081 1622 ¹et
1099 1537 1214 1602 Chuleb
1232 1554 1322 1600 nomo
1342 1536 1462 1599 ultrano

271 1657 350 1711 lxx
377 1659 470 1706 annos
499 1645 604 1719 natus,
634 1643 776 1727 Aegypte
803 1642 972 1725 protectus,
1001 1641 1161 1705 Iordanem
1188 1640 1322 1704 transiit.
1359 1639 1425 1721 ipso
1454 1685 1459 1694 .

300 1742 420 1826 Moyses
435 1746 470 1808 ut
483 1747 597 1810 terram
611 1747 793 1826 promissam
808 1745 927 1811 uideret
935 1747 1059 1809 tantum
1071 1763 1127 1808 nee
1141 1743 1339 1827 centiugorst
1354 1759 1425 1824 poo-

299 1847 367 1910 cnto
382 1847 447 1910 eins
461 1847 654 1926 adscribitur,
666 1849 747 1931 qnod
762 1867 796 1913 so
810 1851 956 1930 tempore,
971 1866 1030 1930 qno
1044 1867 1152 1911 saxum
1165 1847 1256 1911 ferire
1268 1847 1301 1910 et
1313 1863 1426 1928 aquam

299 1947 461 2029 producere
482 1951 658 2034 praeceptus
677 1957 739 2029 ost,
761 1953 831 2034 post
849 1953 898 2015 tot
916 1951 1069 2016 uirtutum
1083 1969 1209 2015 suarum
1221 1949 1427 2031 experimenta

270 2049 496 2118 Sdubitauerit.
512 2053 642 2118 decessit
655 2057 759 2118 eutem
773 2073 851 2120 anno
865 2054 975 2118 aetatis
988 2055 1140 2138 trigesimo
1154 2055 1186 2116 et
1199 2052 1373 2116 centesimo.
1387 2050 1461 2115 deu

299 2153 452 2236 sepulchri
465 2155 531 2220 loco
545 2175 655 2238 pamm
669 2159 869 2240 compertum.

248 2255 289 2318 11
342 2257 447 2341 Moyse
472 2261 593 2323 mortno
618 2279 740 2324 summa
764 2279 867 2324 rernm
885 2279 977 2342 penes
996 2259 1100 2323 Iesum
1119 2259 1207 2324 Nune
1224 2257 1325 2322 tilium
1344 2258 1426 2321 erut:

298 2360 413 2424 etenim
434 2360 524 2425 illum
539 2361 599 2425 sibi
614 2363 733 2444 Moyses
755 2380 957 2426 successorem
971 2362 1180 2438 constituerat,
1202 2362 1306 2426 uirum
1319 2360 1422 2424 uirtu-

271 2461 384 2530 atinus
404 2462 452 2526 sui
473 2463 680 2528 simillimum.
701 2464 849 2545 principio
868 2465 973 2528 autem
993 2464 1126 2544 suscepti
1145 2463 1268 2545 imperii
1288 2461 1427 2526 dimissis

300 2583 354 2645 per
374 2567 472 2628 castre
492 2565 610 2630 nuntiis
629 2567 777 2648 populum
796 2567 956 2630 certiorem
975 2566 1051 2631 facit
1070 2567 1260 2631 trumentum
1273 2565 1322 2629 uti
1335 2577 1463 2648 paru-¹⁰

271 2667 377 2742 arent,
393 2667 554 2750 triduoque
568 2669 705 2750 proximo
719 2669 779 2733 iter
792 2669 980 2751 pronuntiat.
995 2669 1049 2734 scd
1063 2669 1201 2734 Iordanis
1214 2668 1330 2733 flumen
1342 2668 1425 2732 unli-

300 2769 464 2834 dissimum
485 2771 651 2836 transitum
672 2772 866 2854 prohibebat,
895 2772 968 2854 quia
992 2791 1089 2855 noque
1117 2772 1244 2837 nauium
1265 2769 1352 2853 eopia
1371 2787 1427 2851 pro

300 2872 435 2953 tempore
456 2873 521 2938 erat
540 2893 637 2956 noque
651 2875 757 2939 uadari
776 2875 892 2940 fluuius
910 2877 1044 2958 poterat,
1066 2875 1120 2958 qui
1140 2877 1209 2938 tum
1228 2874 1318 2954 pleno
1337 2873 1425 2937 alueo

300 2973 462 3039 terebatur.
478 2975 575 3060 igitur
589 2995 690 3041 arcam
701 2976 846 3059 praeferri
860 2997 879 3042 a
892 2979 1099 3042 sacerdotibus
1110 2978 1290 3058 eosdemque
1299 2975 1426 3041 aduerso

301 3075 426 3142 flumine
447 3079 609 3143 consistere
629 3079 729 3156 iubet,
750 3097 810 3161 quo
831 3079 912 3145 facto
930 3081 1045 3145 incisus
1060 3080 1198 3145 Iordanis
1212 3080 1360 3144 traditur:
1380 3078 1462 3142 ius

272 3189 355 3260 iper
376 3179 491 3244 siccum
512 3180 616 3263 copiae
636 3181 802 3246 traductae.
829 3185 895 3248 erat
916 3184 949 3248 in
969 3184 1019 3247 his
1040 3183 1115 3248 loeis
1136 3182 1284 3265 oppidum
1304 3180 1427 3247 nomine

302 3279 434 3358 Iericho,
462 3282 558 3346 muris
577 3283 779 3348 nitidissimis
801 3285 957 3350 munitum
976 3305 1072 3368 neque
1093 3284 1309 3369 expugnationi
1330 3300 1427 3367 neque

405 3517 520 3574 suum,
549 3519 585 3576 21
614 3523 641 3574 et
666 3521 744 3575 Dent
772 3521 803 3584 3,
822 3521 870 3578 20.
929 3521 1043 3578 3Num
1067 3522 1105 3579 22
1133 3538 1188 3591 sqq.
1237 3521 1352 3578 tuum.
1377 3521 1425 3578 31.

302 3599 381 3657 Dent.
402 3603 447 3659 34.
485 3605 520 3660 11
539 3604 617 3660 Dent.
637 3607 683 3664 32.
721 3606 757 3663 17
775 3607 830 3662 Jos.
852 3608 876 3663 1.
912 3607 951 3664 24
967 3607 1021 3662 Jos.
1041 3609 1067 3665 3.

357 3807 924 3881 liniiorm.Dr1eiusllucquumb:
950 3813 1135 3882 nequaquuP
1202 3811 1426 3881 Pineoquede

305 3891 407 3946 Proto:
436 3893 464 3948 in
487 3910 517 3948 co
540 3910 642 3964 quoque
663 3896 706 3950 Pb
758 3897 972 3954 3amorreormn
992 3899 1035 3952 Po
1091 3897 1302 3966 uommbnaqno
1318 3897 1426 3952 Vonck:

305 3977 471 4048 omniumque
493 3981 535 4034 Pb
587 3982 605 4041 5
628 3981 710 4035 etiem
731 3983 788 4036 Pb:
816 3998 919 4052 qnoque
939 3983 998 4038 edd.
1019 3983 1165 4053 plasmet
1186 3985 1199 4052 ΙΙ
1221 3986 1310 4038 essm
1331 3984 1373 4038 P:
1399 3983 1428 4036 ot

305 4063 421 4116 castrab
472 4064 491 4121 6
509 4066 607 4120 iericho
620 4067 658 4132 P,
677 4065 725 4121 sed
736 4069 817 4135 infra
834 4085 855 4124 c.
873 4072 914 4122 22
924 4067 1043 4124 hiericho
1062 4071 1075 4138 ΙΙ
1095 4069 1195 4124 Tuncb
1247 4068 1389 4126 9heremo
1401 4067 1430 4123 P

360 4149 395 4204 13
408 4149 564 4206 mentitur
576 4154 603 4206 P
647 4153 683 4210 15
695 4151 727 4205 de
736 4153 871 4221 sepulchri
879 4154 935 4207 loco
944 4155 974 4208 b:
989 4155 1130 4224 depnlchro
1139 4154 1229 4209 locoP
1276 4154 1312 4210 17
1323 4154 1428 4223 Moyses

306 4233 334 4289 P
342 4239 544 4290 ueteranorum
566 4239 578 4304 ΙΙ
601 4237 688 4306 Naue]
700 4241 781 4304 Ναυῆ
793 4239 824 4293 in
836 4239 928 4293 LXX
936 4247 1097 4308 corruptum
1107 4256 1208 4294 cccccx
1223 4241 1304 4294 Ναῦν
1314 4239 1426 4294 notooo

307 4319 429 4374 memte
473 4319 510 4377 19
520 4321 561 4375 sui
571 4322 955 4392 simillimumsiponiue:suiu
964 4324 1132 4379 simillimum
1141 4326 1183 4379 Pb
1226 4324 1263 4381 21
1276 4323 1429 4378 humanus·

305 4403 474 4459 dosissimurn
484 4407 597 4460 urslebe!
607 4408 640 4462 de
650 4409 738 4462 Proto
784 4408 822 4466 26
836 4411 950 4464 erantP
995 4411 1033 4466 27
1043 4409 1221 4464 HierichoPh
