3300 5142
358 568 448 622 XXIV

360 730 466 827 plum
492 729 600 802 uerbi
633 727 743 801 medii
786 739 852 801 aut
892 727 1113 827 deponentis
1152 728 1330 826 inperare
1369 727 1485 802 adhuc

365 851 564 923 inuentum
591 850 649 924 sit.
677 846 969 922 Heumannus
1004 860 1123 940 recte,
1151 849 1190 923 ni
1224 849 1409 948 fallimur,
1436 850 1487 922 tit-

362 970 503 1070 spirant
526 972 705 1060 correxit,
730 971 794 1042 sed
817 970 967 1043 dubites
989 980 1116 1042 utrum
1141 996 1226 1044 cum
1249 994 1293 1043 eo
1316 970 1486 1067 inspirant

359 1089 501 1164 nutibus
527 1116 574 1164 en
604 1115 691 1164 cum
717 1087 966 1163 Dombarto
995 1091 1173 1188 eruperant
1199 1102 1298 1164 untes
1329 1091 1485 1163 seriben-

360 1211 452 1284 dum
492 1211 549 1283 sit
590 1211 661 1283 hoc
701 1211 963 1307 praetulimus,
1008 1211 1187 1308 quoniam
1221 1207 1429 1310 Cyprianus
1465 1209 1486 1281 l.

359 1356 389 1409 e.
413 1334 449 1420 4,
474 1333 496 1402 3
526 1330 642 1403 uerba
668 1327 819 1403 Minucii
853 1331 905 1404 sie
943 1333 1140 1429 expressit:
1185 1329 1226 1404 iu'
1259 1332 1389 1428 afflatu
1428 1355 1486 1404 sito

359 1462 484 1534 uatum
495 1464 645 1548 pectora
662 1451 851 1548 ritspt'rnrtt.
870 1452 1042 1548 exempla
1059 1451 1166 1524 uerbi
1184 1450 1394 1548 inspirandi
1407 1475 1487 1523 cum
1585 1440 1586 1488 ³

360 1571 488 1644 detiuo
516 1571 633 1645 iuneti
660 1571 862 1644 admodum
888 1596 975 1644 rare
1001 1581 1099 1659 sunt,
1127 1570 1193 1643 sed
1219 1597 1296 1644 non
1320 1571 1488 1644 adferun-

359 1701 423 1765 tur
449 1693 519 1765 nisi
540 1693 638 1781 talia,
666 1693 702 1765 in
731 1691 869 1789 quibus
898 1691 1074 1789 suspirare
1100 1717 1212 1766 sensu
1240 1691 1393 1789 proprio
1417 1689 1485 1762 dio·

358 1824 442 1886 tum
468 1825 535 1900 est,
564 1812 671 1885 utin
699 1807 855 1900 Quintil.
882 1813 980 1885 instt.
1010 1822 1121 1886 orett.
1148 1809 1194 1902 X,
1220 1814 1254 1903 3,
1280 1814 1344 1884 24:
1379 1810 1485 1908 inspui-

359 1946 480 2006 rantes
505 1933 617 2006 ramt's
649 1929 818 2005 ardorum
845 1957 957 2005 aurae
985 1934 1238 2030 uolucrumque
1266 1943 1403 2005 cautus.

415 2050 455 2127 C.
480 2055 540 2144 33,
567 2057 585 2125 1
617 2044 800 2125 Octauius
829 2053 1063 2126 demonstrat
1095 2053 1207 2125 deum
1239 2053 1380 2147 omnia⁴
1400 2053 1488 2126 scire

360 2174 603 2271 omniumque
625 2197 754 2246 rerum
777 2197 905 2244 curem
929 2198 1049 2272 agere,
1077 2175 1114 2245 in
1138 2197 1214 2269 qua
1237 2171 1488 2271 disputatione

361 2295 535 2391 exempla
561 2294 716 2391 uulgata
742 2293 812 2365 hoc
840 2292 993 2366 habent:
1022 2318 1119 2390 repes
1145 2305 1283 2368 tautum
1308 2291 1491 2390 requisiti

353 2439 425 2513 per
451 2413 573 2510 officia
598 2413 844 2487 mrin'strornm
870 2414 1040 2488 uetuersu
1065 2439 1217 2488 roure:
1258 2416 1321 2487 deo
1348 2415 1487 2488 indicus

361 2559 451 2632 opus
476 2558 550 2606 nou
575 2545 642 2607 est.-
667 2559 741 2605 uon
767 2536 880 2607 sotum
906 2533 946 2606 tit
973 2535 1085 2608 oculis
1107 2534 1191 2624 eius,
1214 2535 1276 2608 sed
1296 2547 1328 2608 et
1349 2535 1388 2608 in
1411 2535 1489 2609 nitu
1587 2593 1588 2596 ,

358 2654 527 2728 diutinus.
554 2656 592 2726 in
619 2655 678 2727 his
706 2656 839 2729 uerba:
867 2651 1014 2752 repes..
1040 2639 1177 2729 noure'
1205 2681 1281 2727 non
1316 2680 1392 2727 uno
1427 2681 1488 2727 no·

359 2775 460 2852 mine
499 2775 633 2848 uitiosa
669 2801 749 2849 esse
787 2786 958 2874 apparet3
1003 2776 1167 2873 primurn
1205 2776 1304 2847 enim
1342 2787 1487 2864 tantum,

360 2920 455 2994 quse
482 2907 540 2968 est
565 2896 698 2970 infelix
725 2895 937 2970 emendatio
965 2898 1135 2970 lectionis
1174 2895 1403 2994 depreuetee
1441 2907 1487 2968 tu·

359 3041 454 3104 men,
484 3017 689 3090 sententiae
715 3042 790 3089 non
819 3017 1009 3106 conuenit3
1047 3042 1134 3089 nem
1160 3042 1237 3089 uon
1264 3015 1360 3089 illud
1382 3041 1488 3114 quee-

360 3137 472 3229 ritur‚
500 3137 771 3210 uniuersumne
794 3138 902 3235 regni
928 3137 987 3210 sui
1014 3147 1154 3209 statum
1187 3137 1312 3209 solum
1344 3162 1393 3208 an
1421 3137 1489 3208 sin·

359 3256 536 3354 gularum
563 3281 712 3355 quoque
738 3259 905 3356 partium
938 3283 1045 3356 reges
1078 3259 1267 3346 uenerint,
1313 3255 1379 3329 sed
1422 3257 1490 3330 hoc

361 3402 477 3450 unum
505 3378 706 3452 dicendum
735 3391 812 3452 erat
844 3379 996 3477 regibus
1037 3376 1083 3450 ed
1121 3379 1227 3476 regni
1268 3379 1327 3450 sui
1365 3387 1489 3474 partes

359 3497 565 3570 noscendas
604 3485 724 3572 alieno
765 3499 971 3571 ministerio
1010 3523 1105 3596 opus
1133 3522 1223 3571 esse.
1250 3497 1316 3570 sed
1343 3509 1385 3570 ut
1413 3511 1489 3571 tart-

360 3630 434 3691 tum
461 3617 538 3691 ulle
562 3619 708 3693 ratione
733 3645 800 3717 per
827 3619 1049 3692 sententiam
1074 3619 1163 3691 ferri
1185 3617 1318 3715 possit,
1348 3629 1491 3691 certes

359 3738 543 3812 uocabulo
571 3741 758 3830 uniuersa,
787 3739 835 3812 ed
863 3738 965 3837 quod
992 3738 1113 3812 solum
1140 3739 1353 3836 pertineret,
1385 3747 1490 3810 tento

359 3861 559 3934 interuallo
586 3886 662 3933 non
689 3871 837 3959 poterat
863 3861 1037 3958 disiungi.
1066 3859 1200 3933 deinde
1236 3860 1375 3931 locutio
1411 3861 1492 3956 ipss

359 3980 526 4075 repui—
543 3981 714 4055 uniuersa
739 4006 841 4055 nosse
868 3982 935 4054 uix
961 3981 1080 4054 letina
1107 3991 1182 4070 est,
1228 3980 1358 4052 saltem
1400 3979 1490 4051 alies

360 4097 548 4175 Minucius
576 4103 697 4200 aptius
724 4101 847 4176 dicere
880 4100 985 4174 solet.
1030 4101 1197 4174 sednon
1225 4123 1319 4197 opus
1347 4109 1426 4171 erat
1454 4099 1490 4170 in

320 4290 322 4296 .
362 4220 420 4293 his
448 4222 574 4295 uerbis
612 4248 749 4296 nouem
787 4221 1009 4295 emendandi
1048 4221 1147 4294 niem
1185 4243 1381 4317 quaerere,
1404 4244 1491 4292 eum

361 4341 603 4415 iamdudum
625 4341 851 4416 Meursius
875 4341 966 4441 quid
990 4340 1174 4415 sententie
1207 4339 1392 4438 flagitaret
1427 4363 1490 4436 op·

361 4463 451 4535 time
472 4464 742 4560 perspexisset:
782 4487 881 4560 repes
911 4475 1040 4537 statum
1070 4460 1174 4559 requi
1197 4459 1257 4534 sui
1273 4484 1343 4557 per
1370 4458 1492 4557 efficia
