3300 5142
328 464 380 511 XII

327 599 580 673 uetustissimis
604 595 794 696 exemplis
832 606 873 666 ut
901 594 978 692 ipse
1007 593 1131 668 testari
1162 619 1308 693 possum
1331 591 1451 666 tribus

326 745 416 817 quae
438 719 600 818 possidet
622 714 838 789 bibliotheca
860 713 1085 787 Monacensis
1108 713 1290 812 inspectis.
1323 714 1361 788 in
1393 713 1450 786 ed.
1479 755 1487 768 ·

325 836 491 912 Vallarsii
514 837 646 934 legitur
666 835 762 908 inter
781 834 914 932 scripta
931 831 1155 931 Hieronymo
1173 832 1361 932 supposita
1379 831 1451 904 uol.

325 957 379 1030 XI
401 984 435 1056 p.
461 961 527 1030 127
552 982 629 1054 sqq.
654 954 807 1052 denique
830 979 912 1053 pars
935 953 1096 1026 eiusdem
1118 952 1288 1053 epistolae
1311 951 1452 1026 inueni-

325 1089 386 1150 tur
420 1078 457 1150 in
494 1075 581 1149 actis
618 1073 761 1148 concilii
795 1073 1118 1171 Aquisgranensis‚
1166 1099 1256 1171 quae
1287 1071 1451 1146 recensio

256 1244 260 1252 ·
325 1196 491 1295 proxime
514 1196 558 1268 ad
580 1195 736 1294 optimos
759 1192 889 1283 libros,
918 1193 1048 1292 quibus
1069 1193 1106 1266 L.
1130 1192 1339 1266 Holstenius
1364 1219 1450 1266 usus

324 1329 395 1406 est,
437 1315 582 1388 accedit.
615 1313 719 1387 nobis
750 1314 786 1385 in
816 1313 966 1412 epistola
1000 1315 1218 1386 recensenda
1248 1314 1293 1385 ad
1322 1338 1450 1386 manus

324 1445 426 1508 erant
455 1434 625 1508 lectiones
655 1433 788 1507 codicis
811 1432 985 1523 Romani,
1023 1432 1129 1507 unius
1161 1458 1210 1506 ex
1240 1432 1284 1506 iis
1318 1432 1450 1530 quibus

323 1553 533 1628 Holstenius
553 1581 638 1628 usus
656 1565 730 1644 est,
755 1552 798 1625 ab
825 1553 935 1651 Aug.
958 1552 1355 1627 Reifferscheidio
1385 1578 1451 1626 ex·

323 1673 494 1771 scriptae,
518 1674 651 1747 codicis
675 1672 997 1770 Oantabrigiensis‚
1026 1697 1115 1771 quas
1138 1684 1174 1745 et
1197 1672 1292 1772 ipsas
1315 1671 1450 1770 insigni

323 1793 433 1888 Angli
454 1794 583 1866 Munro
599 1793 868 1866 beneuolentiae
882 1792 1012 1883 debe0,
1036 1792 1170 1866 codicis
1190 1791 1343 1889 denique
1358 1791 1448 1865 Vin·

323 1911 541 1987 dobonensis
564 1912 734 2011 Theolog.
753 1939 853 1986 num.
871 1917 944 1986 664
961 1915 1012 2011 (u.
1028 1910 1140 1985 Oodd.
1159 1937 1242 1984 mss.
1264 1911 1373 1985 theol.
1392 1911 1447 1984 ed.

321 2029 433 2106 Denis
455 2031 483 2123 Ι,
511 2037 543 2124 1,
566 2059 600 2132 p.
622 2036 691 2106 891
717 2045 753 2106 et
775 2031 929 2106 Tabulae
951 2033 1054 2106 codd.
1068 2031 1226 2106 Vindob.
1248 2031 1276 2122 l,
1293 2060 1327 2131 p.
1345 2034 1447 2131 143),

323 2179 410 2250 quas
444 2151 793 2227 Kuerschnerus
842 2153 974 2227 sodalis
1022 2152 1201 2226 seminarii
1240 2149 1448 2251 philologici

320 2271 614 2347 Vindobonensis
630 2272 667 2345 in
683 2299 801 2346 meum
818 2299 922 2346 usum
942 2272 1145 2371 exscripsit.
1176 2273 1310 2345 horum
1329 2272 1446 2346 subsi-

222 2387 226 2394 “
322 2392 465 2465 diorum
501 2418 569 2492 ope
604 2392 739 2489 aliquot
776 2391 901 2465 saltem
936 2390 1024 2465 locis
1060 2393 1233 2491 optimam
1264 2391 1446 2467 Holstenii

320 2511 567 2585 recensionem
589 2513 778 2585 emendare
800 2510 995 2611 potuimus.

373 2751 541 2849 Reliquas
565 2750 724 2848 quinque
746 2750 915 2850 epistolas
937 2750 1084 2825 Lucas
1108 2751 1347 2852 D'thery
1369 2753 1444 2854 pri·

323 2897 422 2943 mum
445 2872 481 2944 in
507 2870 698 2970 Spicilegio
722 2870 774 2961 V,
806 2899 839 2971 p.
864 2873 938 2944 532
961 2898 1038 2970 sqq.
1062 2898 1110 2945 ex
1132 2874 1255 2946 codice
1278 2873 1442 2947 Romano
1470 2889 1480 2900 “

322 2991 359 3062 in
381 2989 497 3063 lucem
520 2990 686 3090 protulit,
711 3016 818 3089 quem
838 2991 956 3090 ipsum
978 2993 1223 3091 Augustus
1246 2993 1443 3067 Reiffer-

321 3109 484 3183 scheid
516 3109 553 3181 in
578 3109 792 3183 bibliotheca
814 3108 988 3184 Vaticana
1010 3110 1104 3184 inter
1126 3111 1237 3185 libros
1260 3112 1442 3187 Palatinos

321 3255 356 3301 n.
380 3232 452 3302 829
490 3229 625 3302 iterum
663 3229 802 3303 inuenit
834 3241 870 3303 et
893 3257 963 3328 qua
995 3244 1049 3304 est
1072 3232 1108 3303 in
1132 3256 1190 3305 me
1211 3231 1442 3306 officiositate

319 3347 489 3422 lectiones
513 3349 755 3450 discrepantes
773 3375 914 3425 mecum
933 3352 1224 3425 communicauit.
1247 3377 1294 3426 ex
1313 3354 1442 3426 eodem

319 3469 441 3542 codice
476 3469 675 3568 descriptae
709 3484 892 3568 praeterea
922 3481 1066 3543 exstant-
1098 3471 1136 3543 in
1168 3472 1246 3544 cod.
1278 3471 1443 3546 Palatino

320 3614 354 3661 n.
378 3592 461 3662 828.

372 3828 462 3903 Cum
485 3828 574 3902 mihi
598 3829 742 3928 quidem
771 3830 1002 3905 manifestum
1033 3831 1198 3906 uideatur
1224 3833 1358 3906 nullam
1379 3833 1442 3907 ha·

319 3973 401 4020 rum
424 3959 561 4048 septem
584 3949 841 4049 epistolarum,
860 3951 993 4051 quippe
1011 3978 1163 4050 quarum
1183 3979 1301 4027 sermo
1319 3980 1340 4025 a
1358 3953 1442 4027 stilo

319 4067 559 4164 genuinorum
583 4068 730 4169 Sulpicii
760 4069 937 4144 librorum
972 4097 1122 4171 prorsus
1150 4071 1358 4163 abhorreat,
1395 4073 1442 4146 ad

319 4212 401 4260 eum
435 4198 614 4263 auctorem
645 4189 771 4263 referri
792 4216 918 4289 posse,
960 4192 1021 4264 diu
1051 4191 1278 4291 multumque
1299 4217 1442 4266 mecum

320 4307 486 4406 reputaui
509 4334 596 4381 num
619 4308 655 4382 in
680 4335 809 4383 nouam
838 4310 1034 4385 editionem
1064 4311 1290 4412 recipiendae
1307 4324 1438 4388 essent.
