3300 5142
1272 543 1315 593 XI

177 722 244 772 sus
280 696 480 771 necessaria
515 695 717 774 uidebatur.
766 698 933 772 similiter
980 696 1050 796 ipsi
1099 696 1311 796 scripsimus

182 843 211 892 c.
236 821 296 907 31,
321 821 359 891 8:
399 817 438 891 si
445 844 463 891 c
485 841 561 892 nos
584 819 733 918 deniqne
760 842 832 892 non
859 816 1023 892 notaculo
1047 817 1234 914 corporis..
1259 817 1312 891 di·

181 937 369 1029 noscimus,
391 937 454 1011 sie
476 937 594 1038 [nos]
613 951 735 1015 marae
754 962 873 1013 arnore
898 937 1133 1037 arripimus„
1156 938 1218 1011 sio
1239 959 1314 1011 nos

170 1060 312 1156 fratres
332 1081 512 1132 necamus.
535 1060 659 1133 eadem
684 1073 738 1134 est
761 1084 869 1133 causa
890 1059 961 1132 loci
984 1083 1013 1131 c.
1032 1059 1095 1148 40,
1116 1060 1136 1130 2
1157 1058 1312 1156 itaque..

181 1178 284 1254 etde
307 1178 538 1275 prouidentia
557 1181 680 1277 fateor
704 1191 737 1252 et
757 1177 851 1280 [de]
876 1177 955 1252 Deo
978 1176 1060 1251 cedo
1084 1189 1116 1250 et
1137 1178 1313 1252 desectae

183 1298 256 1372 iarn
277 1311 418 1372 nostae
439 1300 640 1373 sinceritate
662 1300 853 1388 consentio,
890 1325 1000 1397 quem
1030 1297 1222 1372 Vrsinus
1251 1298 1314 1370 ad-

183 1419 260 1492 dito
284 1420 326 1492 de
349 1421 509 1494 secundo
529 1420 609 1494 loco
632 1420 770 1521 optime
794 1421 1001 1494 emendauit
1022 1421 1089 1494 hac
1112 1420 1311 1494 sententia:

183 1539 283 1637 quod
317 1539 436 1613 Deum
472 1541 654 1639 (unicum)
691 1541 820 1615 attinet
843 1543 951 1631 cedo,
988 1541 1010 1613 i.
1035 1566 1064 1614 e.
1090 1566 1211 1614 ueram
1235 1565 1313 1614 esse

183 1670 342 1733 uestram
358 1663 575 1735 sententiam
590 1688 631 1735 ae
645 1662 860 1762 religionem
877 1663 1071 1760 adgnosco.
1089 1686 1118 1734 c.
1136 1663 1196 1750 24,
1215 1663 1236 1732 2
1255 1686 1313 1734 co·
1418 1697 1420 1700 ·

184 1781 257 1854 dex
273 1807 397 1856 mance
413 1781 465 1854 sic
479 1780 605 1856 habet:
622 1806 772 1882 quoram
784 1783 874 1856 atra
888 1783 921 1856 si
931 1805 1147 1879 percenseas,
1162 1780 1315 1854 ridenda

184 1925 292 2000 quarn
313 1901 427 1974 malta
449 1902 555 1975 etiarn
576 1903 782 1977 miseranda
810 1914 902 1978 sant.
941 1902 1003 1976 hic
1036 1901 1147 2000 uulgo
1167 1927 1214 1975 ex
1234 1898 1312 1975 Ge-

182 2021 292 2117 lenii
315 2022 567 2097 emendatione
584 2022 734 2122 legitur:
757 2024 910 2098 ridenda
928 2047 1037 2122 qaam
1055 2021 1177 2112 malta,
1201 2019 1316 2096 muita

183 2143 288 2217 etiarn
310 2142 516 2217 miseranda
537 2157 643 2235 sant;
681 2143 787 2217 nobis
810 2153 933 2217 tamen
955 2143 1086 2216 fortius
1111 2143 1234 2215 uisum
1258 2151 1314 2215 est

185 2264 304 2362 ipsum
339 2261 429 2334 illud
451 2287 561 2362 qaam
595 2261 707 2338 rnaita
743 2289 824 2337 cum
850 2262 1110 2337 Heumanno
1140 2272 1314 2360 repetere.

184 2382 400 2482 Oap.11‚7
431 2385 648 2483 scripturam
682 2384 818 2458 codicis
855 2411 927 2457 non
965 2384 1145 2482 integram
1179 2380 1317 2456 ‘uellem

184 2515 300 2576 tamea
322 2503 517 2592 sciscitari,
542 2517 705 2579 utrumne
727 2531 809 2579 anm
831 2503 1037 2602 corporibus
1060 2516 1091 2577 et
1113 2501 1318 2601 corporibus

183 2623 326 2723 quibas,
354 2624 486 2721 ipsisne
509 2650 556 2698 aa
579 2625 761 2698 innonatis
783 2617 1002 2724 resarpatar'
1025 2622 1241 2698 Dauisius
1265 2620 1317 2696 sio

184 2745 368 2845 suppleuit
391 2759 430 2819 ut
452 2745 642 2820 scriberet:
679 2757 844 2820 ratramne
878 2746 969 2819 sine
999 2768 1143 2842 corpore
1166 2770 1214 2817 an
1237 2767 1317 2818 cam

185 2866 391 2964 corporibus
408 2879 475 2941 etc.
499 2866 606 2940 nobis
629 2878 748 2941 tamen
773 2879 955 2966 praestare
978 2865 1099 2939 uisum
1122 2875 1177 2939 est
1195 2864 1316 2938 locum

184 2987 235 3061 ita
251 2987 515 3086 redintegrare:
533 3001 696 3062 unumne
713 3012 793 3062 aunt
811 2986 1015 3084 corporibus
1039 3011 1091 3059 an
1114 2986 1210 3060 sine
1233 3009 1317 3059 eor·

163 3132 167 3139 ’
180 3107 383 3206 peribas,
408 3121 439 3182 et
461 3108 666 3207 corporibus
687 3108 833 3207 quibas,
861 3106 945 3206 quia
968 3107 1020 3180 sio
1043 3106 1191 3180 lacunae
1214 3106 1317 3203 origo

187 3229 325 3304 facilius
347 3229 579 3328 intellegitur.
616 3255 684 3303 nec
715 3231 858 3328 integer
880 3240 951 3318 est,
979 3226 1112 3301 utiam
1136 3226 1195 3299 alii
1221 3225 1318 3299 uide·

184 3362 296 3444 runt,
333 3351 433 3425 locus
457 3351 520 3449 qui
542 3350 650 3451 paulo
685 3360 770 3450 post
805 3352 846 3446 (ξ
868 3351 907 3447 8)
942 3348 1076 3446 legitur
1110 3339 1203 3446 ‘quis
1224 3370 1319 3422 anes

185 3470 282 3546 allas
305 3472 350 3545 ab
369 3471 495 3569 inferis
512 3469 573 3544 ael
591 3467 782 3544 Protesilai
797 3482 889 3543 sorte
906 3467 1093 3558 remeauit,
1118 3467 1320 3541 ltoraram

184 3593 308 3666 saltem
324 3592 499 3690 pennino
522 3577 738 3681 commeani,
763 3591 848 3688 qnia
866 3590 1034 3664 horarum
1053 3614 1118 3688 per
1141 3614 1180 3662 se
1198 3588 1318 3687 ipsum

185 3711 224 3785 id
247 3711 451 3810 significare
473 3738 547 3785 non
570 3721 712 3810 potest,
748 3711 847 3809 quod
871 3709 1050 3784 sententia
1072 3708 1226 3809 requirit
1247 3702 1319 3781 ‘ko-

184 3858 309 3907 rarum
332 3831 471 3931 aliquot
500 3829 716 3906 commeata'.
742 3829 867 3905 Verba
894 3856 986 3930 quae
1014 3831 1132 3905 codex
1155 3855 1184 3903 c.
1212 3832 1270 3920 18,
1296 3832 1317 3901 8

185 3952 296 4026 habet
316 3945 386 4026 ‘tia
421 3951 540 4054 (deus)
564 3977 636 4027 non
672 3951 791 4026 raideri
817 3963 952 4049 potest,
989 3953 1073 4026 aaa
1104 3949 1238 4024 clarior
1261 3961 1320 4040 eet,

186 4097 250 4147 neo
271 4073 466 4170 oonprendi
483 4085 597 4170 potest
617 4097 682 4146 aea
701 4072 906 4157 aestimari,
933 4071 1094 4146 sensibus
1116 4069 1233 4143 taaior
1261 4059 1320 4144 est'

185 4217 232 4267 ex
257 4192 430 4292 Cypriani
464 4192 558 4267 libro
598 4193 643 4266 de
677 4191 862 4266 idolorum
886 4192 1044 4266 uanitate
1068 4216 1098 4266 c.
1125 4195 1158 4282 5,
1185 4195 1219 4282 5,
1257 4188 1321 4288 qui

185 4312 335 4388 Minucii
370 4314 494 4387 locum
528 4314 573 4385 ad
611 4313 764 4386 uerbum
794 4310 990 4412 exscripsit
1022 4311 1097 4407 (tie
1118 4335 1181 4385 aec
1202 4309 1322 4384 raideri

179 4447 311 4532 potest,
335 4435 655 4526 sicaloriores,
682 4459 745 4510 neo
767 4432 1021 4532 comprehendi,
1063 4443 1159 4506 tacta
1189 4429 1318 4528 parier
