3300 5142
653 526 758 596 apae
776 525 813 580 11.
1242 525 1305 588 eeu

182 703 254 762 quae
278 687 325 747 uel
347 687 432 746 unius
446 686 534 745 tuerit
548 686 776 762 coinquinatione
791 685 912 760 polluta.
936 685 985 743 sed
999 687 1032 742 ut
1047 684 1120 756 quod
1135 684 1197 742 dico
1212 682 1306 741 mani-

180 789 284 850 festius
309 792 338 850 et
363 789 486 849 lucidius
515 789 580 863 dat,
603 792 664 848 esto
689 789 729 848 sit
754 803 946 863 quaecumque
966 787 1090 846 omnium
1116 786 1304 846 membrorum

181 893 402 953 sanctificatione
417 895 539 972 purgata
568 894 597 952 et
622 892 722 967 lingua
736 891 931 950 tantummodo
947 893 1056 964 peccet,
1079 889 1147 964 quia
1161 892 1211 948 aut
1225 889 1305 948 blas·

180 998 294 1070 phemet
319 998 370 1055 aut
394 995 500 1054 falsum
524 995 719 1055 testimonium
746 993 840 1067 dicat,
862 993 999 1067 numquid
1025 993 1187 1052 liberabunt
1211 991 1305 1052 omnia

157 1098 305 1160 emembra
319 1115 421 1170 unum,
444 1116 481 1157 an
496 1100 612 1172 propter
624 1115 713 1157 unum
727 1096 930 1156 indicabuntur
944 1099 974 1156 et
988 1093 1103 1156 catera?
1125 1113 1191 1171 ergo
1213 1095 1238 1154 si
1253 1111 1304 1155 nec

178 1200 299 1260 aliorum
319 1200 506 1261 membrorum
529 1201 715 1261 sanctificatio
730 1199 873 1274 proderit,
896 1216 959 1258 cum
986 1199 1017 1257 in
1042 1216 1098 1258 uno
1124 1198 1163 1258 sit
1188 1197 1302 1270 uitium,

178 1307 284 1379 quanto
298 1305 405 1379 magis,
421 1305 447 1364 si
461 1304 636 1363 diuersorum
651 1303 760 1378 flagitio
774 1305 953 1377 peccatorum
968 1302 1062 1362 omnia
1077 1304 1302 1375 corrumpantur,

176 1408 263 1467 unius
277 1407 352 1466 nihil
367 1407 492 1481 proderit
507 1407 677 1482 integritas!

219 1510 300 1569 Unde
314 1527 418 1584 quaeso
433 1512 477 1583 te,
500 1509 596 1585 uirgo,
619 1527 655 1569 nc
676 1509 708 1569 in
727 1509 789 1570 sola
810 1509 865 1568 tibi
887 1509 1025 1584 pudicitia
1039 1509 1196 1568 blandiaris
1211 1523 1301 1582 neque
1314 1519 1355 1573 10

132 1625 158 1664 1⁰
175 1612 207 1671 in
221 1612 306 1671 unius
320 1613 438 1672 membri
453 1611 770 1687 integritatemque,
794 1615 844 1672 sed
859 1614 1012 1673 secuudum
1027 1611 1197 1686 Apostolum
1212 1611 1300 1670 solide

174 1731 311 1776 conserua
336 1715 459 1789 corporis
484 1715 675 1774 sanctitatum.
698 1715 804 1774 Munda
824 1716 860 1774 ab
881 1716 957 1775 omni
975 1715 1188 1790 inquinamento
1204 1714 1299 1787 caput,

174 1819 243 1892 quia
257 1819 362 1877 crimen
387 1820 432 1877 est
457 1818 530 1877 illud
551 1821 616 1892 post
641 1818 804 1878 chrismatis
825 1817 1078 1878 sanctificationem
1095 1820 1145 1876 aut
1158 1799 1235 1876 croci
1249 1819 1300 1875 aut

173 1921 293 1980 alterius
315 1921 468 1980 cuiuslibet
488 1922 629 1996 pigmenti
651 1939 717 1980 suco
731 1921 779 1981 uel
793 1922 912 1995 puluere
927 1921 1082 1995 sordidari,
1105 1923 1156 1980 aut
1170 1936 1238 1978 auro
1254 1919 1300 1979 uel

172 2023 293 2099 gemmis
318 2023 365 2083 uel
387 2023 515 2098 qualibet
537 2024 596 2083 alia
619 2027 732 2084 terrem
757 2024 850 2098 specie
875 2024 963 2098 comi,
985 2025 1060 2098 quod
1085 2023 1142 2082 iam
1169 2022 1301 2082 caelestis

139 2151 163 2190 ιε
173 2129 291 2186 ornatus
316 2126 463 2200 splendore
485 2126 618 2201 refulget.
656 2126 773 2201 grandis
798 2127 903 2202 quippe
928 2125 1042 2186 diuinae
1067 2126 1176 2200 gratiae
1201 2127 1307 2184 contu*

172 2229 259 2289 melia
280 2231 324 2288 eat
347 2229 483 2288 mundani
500 2232 529 2289 et
546 2230 699 2289 saecularis
709 2229 868 2288 ornamenti
882 2228 1029 2303 praelatio.
1045 2229 1152 2288 Munda
1166 2227 1298 2298 frontem,

172 2335 207 2391 ut
221 2333 363 2405 humana,
386 2350 442 2392 non
465 2332 564 2391 diuina
589 2349 673 2406 opera
693 2332 854 2405 erubescat,
878 2335 907 2392 et
921 2332 1002 2391 illam
1017 2330 1210 2390 confusionem
1226 2329 1300 2389 reci·

170 2435 247 2508 piat,
271 2451 343 2508 quae
368 2452 425 2494 nou
451 2436 598 2508 peccatum
623 2435 673 2493 sed
692 2434 745 2494 Dei
758 2435 882 2509 gratiam
897 2435 988 2509 parit,
1010 2434 1154 2507 scriptura
1168 2433 1295 2492 dicente:

170 2536 411 2596 estconfusio
433 2537 617 2596 adducens
638 2540 842 2611 peccatum,
871 2540 900 2598 et
922 2539 976 2597 est
998 2536 1165 2596 confusio
1187 2537 1298 2595 addu-

135 2651 256 2699 20cens
277 2641 439 2714 gratiam.
474 2641 581 2698 Munda
601 2641 722 2714 collum,
752 2643 786 2699 ut
817 2657 874 2699 non
911 2657 999 2700 amaa
1027 2640 1148 2700 reticula
1174 2639 1303 2713 capillus

274 2805 396 2862 191]ch
415 2805 443 2869 4,
461 2806 508 2869 25,
527 2804 573 2862 26.

220 2941 234 2994 Ι
251 2942 486 3011 quoinquinatione
498 2941 526 2996 R
546 2943 559 3010 11
581 2941 628 2996 aad
639 2945 671 2995 ut
681 2973 714 2981 -
723 2941 869 3012 integritas
881 2945 920 3009 (a.
933 2943 964 3010 8)
976 2957 1024 2996 ona.
1038 2943 1066 2996 A
1129 2943 1147 2998 3
1165 2943 1291 3011 purgata]

167 3026 277 3082 addin
293 3028 467 3097 Vgloaaema:
491 3027 556 3081 listo
573 3027 642 3081 hunc
659 3027 741 3081 habet
751 3043 857 3081 sensum
869 3027 945 3096 quasi
957 3026 1065 3082 diceret
1087 3027 1290 3083 Consentiamua

168 3116 200 3166 ut
212 3113 252 3166 ita
263 3113 307 3167 sit.
320 3111 446 3167 uidelicet
466 3115 498 3166 ut
518 3112 588 3166 nihil
608 3113 695 3182 iniqui
715 3113 855 3168 conuahat
877 3115 890 3182 ΙΙ
910 3113 973 3181 quia
989 3116 1037 3166 aut
1048 3128 1111 3168 aaa:
1130 3114 1194 3182 quia
1217 3116 1247 3167 nt
1258 3113 1293 3177 R,

168 3212 221 3267 qua
244 3200 292 3252 aut
310 3199 346 3262 H,
360 3200 408 3251 ant
432 3198 484 3252 0V
540 3198 559 3254 4
577 3197 675 3252 falsum
695 3201 757 3252 teat
770 3197 809 3252 R:
833 3201 895 3252 test.
908 3198 1006 3252 falsum
1026 3199 1059 3262 0,
1078 3198 1176 3252 falsum
1197 3215 1245 3253 om.
1273 3199 1299 3254 V

221 3283 239 3341 5
258 3283 313 3336 sine
334 3283 447 3337 aliorum
464 3284 492 3339 R
553 3284 660 3339 6immc
680 3299 738 3337 cum
750 3284 779 3338 in
799 3301 851 3338 uno
863 3287 904 3338 eat
963 3284 981 3341 7
998 3283 1112 3353 flagitiis
1129 3284 1156 3339 V
1204 3284 1297 3355 8pro·

168 3369 240 3422 derit
250 3367 277 3423 R
288 3375 314 3424 et
325 3369 365 3423 ed.
384 3369 468 3424 Vult:
481 3368 601 3438 proficiet
617 3371 649 3434 O,
668 3370 789 3439 proficiat
805 3371 832 3425 V
871 3370 890 3427 9
902 3386 978 3424 uc-
987 3386 1071 3439 neque
1084 3369 1145 3425 GV:
1164 3385 1247 3439 neque
1260 3401 1293 3410 -

167 3471 201 3508 ne
213 3453 268 3508 AR
329 3455 366 3512 10
382 3454 582 3509 confundarisA
601 3458 614 3524 ΙΙ
633 3455 717 3509 solide
732 3456 769 3510 V:
785 3455 885 3522 sone,
904 3456 954 3510 soli
966 3455 1013 3510 deo
1025 3455 1112 3511 ΑΘΗ
1165 3459 1200 3514 11
1220 3457 1291 3512 omni

167 3539 367 3608 inquinamento
379 3539 446 3596 AR:
458 3541 580 3595 omnibus
591 3541 799 3609 inquinamentis
812 3541 846 3608 G,
864 3543 936 3597 omrai
948 3542 1091 3612 iniquitate
1107 3543 1135 3597 V
1179 3544 1215 3600 12
1228 3543 1293 3597 eris-

166 3624 249 3678 matis
270 3623 331 3690 GR,
359 3624 498 3679 chrimatis
514 3627 542 3682 V
560 3628 572 3695 ΙΙ
595 3629 642 3680 aut
659 3626 727 3681 croci
743 3630 790 3681 aut
806 3627 853 3682 alt.
868 3628 954 3682 cm.A
1035 3627 1072 3685 13
1089 3627 1255 3697 piamentiR
1270 3631 1283 3697 ll

167 3726 229 3764 suco
248 3709 336 3766 GRV:
361 3711 419 3765 fuco
431 3711 518 3775 AHb3
542 3711 615 3767 iliud
633 3713 721 3782 magia
736 3713 858 3781 quadem
879 3713 916 3768 od
927 3715 1079 3782 oppositam
1091 3714 1199 3783 puluere
1220 3715 1232 3782 ΙΙ
1249 3715 1292 3768 uel

166 3795 352 3866 gemmisAR:
371 3799 419 3851 aut
429 3813 454 3866 g.
465 3797 494 3864 0,
507 3813 557 3852 ora.
572 3799 600 3853 V
653 3799 691 3855 14
709 3799 752 3852 nel
763 3815 811 3853 oca
824 3799 853 3854 R
863 3799 875 3866 11
892 3798 1013 3867 qualibet
1023 3799 1077 3853 alia
1088 3802 1194 3854 terrena
1206 3799 1292 3868 specie

166 3884 207 3936 A:
221 3882 406 3950 cuiuscumque
418 3886 537 3937 terrenae
554 3885 639 3951 specie
651 3884 759 3953 (speciei
769 3883 813 3954 Η)
825 3883 863 3950 R,
891 3883 1034 3939 cuiuslibet
1046 3886 1242 3954 (cuiuscumque
1259 3885 1291 3954 0)

166 3971 287 4022 terrenae
298 3971 435 4021 creaturae
448 3969 534 4037 specie
548 3969 599 4024 cV
612 3971 624 4038 ΙΙ
641 3969 708 4024 comi
720 3968 787 4024 RV:
806 3971 926 4040 componi
940 3971 981 4036 A,
994 3970 1077 4026 orac
1095 3974 1107 4040 ΙΙ
1129 3969 1198 4039 quod
1210 4001 1241 4009 -
1251 3987 1293 4026 re-

166 4054 254 4122 fulget
265 4053 332 4107 RV:
356 4069 403 4108 mn.
422 4053 456 4118 0;
474 4053 616 4122 quodiam
630 4085 663 4093 —
676 4054 806 4124 praelatio
824 4060 863 4124 (a.
881 4058 929 4125 16)
947 4072 995 4111 em.
1013 4056 1040 4109 A
1100 4054 1135 4112 16
1155 4059 1182 4109 et
1202 4072 1291 4112 saecu·

166 4139 292 4194 larisam
310 4139 338 4194 V
353 4139 365 4206 ΙΙ
385 4138 485 4193 fontmn
497 4139 525 4194 R
581 4141 617 4197 17
635 4141 784 4196 confusione
801 4141 828 4196 V
886 4141 923 4199 18
940 4142 991 4195 Dei
1003 4141 1116 4211 gloriam
1129 4142 1155 4195 A
1176 4144 1188 4210 ll
1208 4143 1298 4212 scrip--

166 4223 307 4280 sumar:
331 4224 568 4293 annonarium
584 4226 619 4291 0;
643 4205 942 4297 serapidi-gratam
956 4230 994 4296 (u.
1008 4229 1059 4295 20)
1072 4243 1120 4282 aa.
1134 4228 1161 4281 A
1208 4228 1245 4285 19
1258 4231 1286 4281 a

167 4310 234 4376 RV3
247 4326 296 4365 ora.
313 4309 336 4365 O
381 4310 420 4367 20
430 4311 547 4380 gratim
558 4312 629 4367 RV.-
641 4312 758 4382 gratiam
769 4313 812 4366 dei
828 4313 851 4368 0
869 4316 881 4381 ll
900 4328 952 4366 uon
964 4315 995 4366 ut
1011 4313 1037 4366 V
1053 4314 1065 4379 ΙΙ
1085 4329 1164 4367 aurea
1176 4313 1289 4368 reticula

167 4395 280 4464 capillus
296 4397 385 4464 portet
408 4399 435 4449 et
452 4397 484 4448 H
498 4403 524 4451 et
536 4397 576 4452 ed.
593 4397 680 4452 Vult:
699 4414 779 4452 anrea
798 4400 874 4452 texta
890 4397 954 4466 pilia
969 4401 1058 4466 portet
1072 4397 1115 4462 R,
1135 4415 1197 4452 auro
1214 4403 1296 4453 texta

167 4481 273 4550 capillis
284 4479 399 4551 (lapillis
415 4482 451 4551 V)
473 4485 562 4551 portet
582 4484 642 4551 CV,
670 4499 749 4538 aurea
772 4501 802 4539 ex
822 4483 928 4554 capillis
947 4487 1037 4554 portet
1050 4486 1077 4538 A
