3300 5142
348 571 391 636 54
768 567 915 637 Sulpicii
932 567 1049 622 Seueri

300 730 338 794 53
390 723 514 789 Ioachas
529 724 600 790 indo
613 723 696 788 iilius
711 723 776 789 eius
790 742 919 808 regnum
929 723 1071 806 indeptus
1081 723 1180 788 tribus
1191 723 1346 788 mensibus
1356 725 1467 802 tenuit,

347 826 521 908 captiuitati
545 827 584 891 ob
609 825 799 908 impietatem
824 825 1003 890 destinatus.
1032 844 1164 908 namque
1184 844 1254 890 eum
1273 825 1396 891 Nechao
1415 845 1468 892 rex

255 1011 261 1024 .
346 929 483 1014 Aegypti
496 929 635 994 iunctum
649 929 832 1011 ceptumque
856 928 953 1007 duxit,
983 945 1038 993 nec
1063 928 1161 992 multo
1185 929 1255 1010 post
1278 929 1311 993 in
1335 928 1468 993 uinculis

319 1031 430 1097 adium
444 1030 566 1096 iunctm
581 1031 636 1096 est.
652 1031 772 1096 Indaeis
786 1030 974 1112 stipendium
988 1049 1123 1096 annuum
1136 1030 1332 1113 imperatum,
1356 1051 1408 1096 rex
1421 1031 1468 1096 eis

346 1133 478 1198 Eliacim
504 1133 631 1198 arbitrio
658 1134 782 1198 uictoris
810 1133 915 1210 datus,
944 1132 997 1215 qui
1024 1135 1129 1215 postea
1155 1133 1319 1198 immutato
1345 1135 1507 1199 nomines

347 1236 483 1300 Ioachim
497 1235 648 1300 uocitatus
664 1237 718 1300 est.
739 1235 790 1300 hic
804 1235 931 1300 Ioechae
944 1235 1052 1314 irater,
1073 1235 1170 1301 Iosiae
1183 1236 1268 1300 filius
1281 1237 1357 1314 fuit,
1378 1236 1468 1301 fratri

319 1355 440 1420 equum
466 1337 546 1420 petri
573 1338 707 1421 propior,
746 1338 905 1423 sacrilegio
932 1337 1050 1403 inuisus
1077 1339 1151 1403 Deo.
1181 1338 1279 1422 igitur
1305 1357 1376 1404 cum
1401 1339 1468 1424 regi

346 1441 500 1525 Aegyptio
516 1442 648 1523 pareret,
669 1441 781 1524 quippe
795 1441 845 1506 cui
859 1441 1012 1505 tributum
1025 1441 1178 1523 penderet,
1193 1441 1469 1506 Nabuchodonosor

347 1561 399 1608 rer
413 1543 599 1626 Babylonius
614 1543 759 1608 Iudaeam
773 1545 887 1608 terram
908 1543 1067 1624 occupauit
1081 1547 1174 1607 armis
1189 1544 1221 1608 et
1234 1563 1288 1625 per
1302 1544 1469 1609 triennium
1542 1563 1550 1575 ·

347 1645 413 1711 iuro
427 1645 501 1710 belli
516 1646 614 1711 uictor
628 1647 771 1728 possedit.
788 1645 902 1712 etenim
917 1645 1041 1711 cedente
1056 1646 1117 1710 ium
1131 1665 1202 1730 rege
1217 1645 1354 1730 Aegypti
1368 1647 1468 1712 deter-
1477 1665 1507 1706 ro

346 1747 530 1831 minutisque
544 1747 624 1813 inter
638 1767 687 1814 cos
708 1748 830 1830 imperii
851 1747 963 1812 linibus
977 1749 1157 1812 conuenerat
1171 1748 1298 1813 ludaeos
1312 1749 1352 1812 ad
1365 1749 1468 1833 Baby-

318 1850 449 1938 llonam
460 1850 618 1932 pertinere.
633 1851 679 1915 ita
692 1869 764 1917 cum
774 1850 920 1927 1010111111,
936 1849 1048 1914 erectis
1062 1850 1095 1914 in
1109 1868 1201 1933 regno
1216 1851 1302 1915 annis
1316 1851 1467 1928 undecim,

346 1953 410 2017 filio
431 1954 567 2019 eiusdem
586 1953 718 2019 nominis
739 1953 841 2018 locum
862 1951 983 2017 iecisset
1003 1952 1089 2034 isque
1109 1952 1192 2036 regis
1206 1953 1368 2036 Babylonii
1388 1953 1422 2018 iu
1435 1972 1469 2018 se

346 2055 424 2121 iram
440 2057 627 2134 concitasset,
640 2058 703 2121 Deo
715 2055 863 2120 nimirum
874 2057 991 2139 agento,
1004 2055 1054 2120 cui
1069 2056 1270 2120 constitutum
1282 2057 1347 2121 erat
1357 2055 1468 2121 Iudae·

346 2177 397 2223 am
411 2159 535 2242 gentem
545 2159 717 2241 captiuitati
730 2159 761 2223 et
772 2157 968 2223 internecioni
979 2159 1059 2235 dare,
1072 2157 1346 2223 Nabuchodonosor
1357 2159 1468 2224 Hiero·
1478 2179 1505 2219 rs

345 2261 495 2345 solymam
517 2279 587 2326 cnm
609 2261 741 2327 exercitu
762 2261 917 2345 ingressus
945 2262 1053 2325 urbem
1074 2278 1238 2342 murosque
1259 2279 1295 2326 ac
1314 2262 1468 2343 templum

345 2365 408 2428 solo
420 2363 545 2429 strauit:
561 2365 628 2430 auri
639 2364 811 2428 inmensum
821 2363 948 2427 modum
960 2363 991 2426 et
1001 2364 1272 2428 sacraomamenta
1285 2364 1336 2429 uel
1346 2363 1470 2446 publica
1503 2387 1508 2394 ·

346 2467 397 2531 uel
407 2467 535 2549 privata,
550 2467 738 2548 puberesque
749 2483 853 2530 omnes
864 2464 964 2529 uirilis
979 2483 1014 2528 ac
1025 2464 1184 2529 muliebris
1196 2483 1284 2531 sexus
1299 2467 1468 2550 transtulit,

346 2568 477 2646 relictis,
504 2585 633 2650 quorum
655 2567 851 2633 imbecillitas
872 2567 927 2631 aut
948 2567 1031 2631 aetas
1052 2565 1177 2632 fastidio
1204 2568 1371 2633 uictoribus
1397 2568 1468 2633 fuit.

347 2689 423 2754 quae
438 2670 528 2734 turba
542 2669 661 2734 inutilis
676 2669 802 2736 seruitio
818 2669 990 2735 exercendis
1004 2669 1196 2752 colendisque
1211 2669 1307 2753 apris,
1322 2690 1360 2736 nc
1370 2670 1469 2735 incul-
1478 2691 1506 2733 ro

318 2774 415 2837 ctum
430 2772 637 2851 essetecum,
658 2772 812 2854 deputata.
838 2771 1012 2853 eisdemque
1031 2791 1082 2836 rex
1097 2770 1256 2837 Sedechias
1270 2773 1469 2855 praepositus,

347 2875 499 2957 ademptis
514 2875 632 2940 uiribus
647 2875 729 2939 inani
751 2875 872 2939 tantum
887 2874 996 2938 umbra
1009 2874 1087 2958 regii
1101 2875 1233 2939 nominis
1247 2893 1395 2940 concessa.
1415 2876 1470 2941 sed

319 2978 482 3043 eleachim
502 2979 601 3043 tribus
621 2977 776 3042 mensibus
796 2978 918 3058 tempus
939 2976 1062 3058 imperii
1081 2976 1199 3042 habuit.
1222 2977 1249 3041 is
1271 2996 1342 3042 cum
1356 2976 1467 3060 populo

346 3080 536 3164 Babylonem
549 3080 715 3144 translatus
736 3081 767 3144 et
785 3079 818 3144 in
832 3097 983 3144 carcerem
997 3079 1167 3143 coniectus:
1188 3079 1386 3163 trigesimum
1399 3081 1469 3161 post

346 3201 461 3247 annum
487 3183 615 3248 emissus
643 3182 734 3264 atque
759 3199 777 3246 a
802 3201 874 3265 rege
899 3182 932 3246 in
957 3181 1127 3246 amicitiam
1148 3183 1285 3264 receptus
1307 3201 1505 3265 mensaqnere

348 3285 380 3349 et
400 3284 532 3349 consiliis
562 3284 771 3366 participatus,
797 3302 857 3349 non
888 3285 953 3349 sine
978 3284 1088 3348 solacio
1114 3285 1259 3366 depulsae
1285 3284 1468 3349 calamitatis

347 3387 489 3451 decessit.

450 3589 469 3644 2
487 3588 526 3642 IV
544 3589 609 3657 Reg.
628 3588 675 3645 23.
731 3591 766 3646 11
786 3590 824 3644 iv
842 3591 906 3659 ch.
926 3589 971 3646 24.
1025 3589 1120 3646 1111
1136 3589 1200 3659 ch.
1220 3589 1265 3649 25.

399 3760 415 3817 1
434 3759 572 3828 edeptusb
635 3759 810 3830 impietate
822 3761 849 3815 P
916 3760 935 3816 3
952 3759 1054 3813 uictum
1074 3759 1108 3814 dc
1128 3760 1216 3815 Preto
1236 3761 1293 3816 001.
1315 3761 1468 3831 11100119,

346 3845 434 3914 Peq„
458 3846 521 3898 item
542 3845 634 3900 Vonct
708 3845 727 3904 5
744 3845 877 3900 Eliachim
900 3846 954 3909 Po,
978 3861 1023 3899 em.
1048 3845 1083 3899 de
1105 3846 1193 3900 Proto
1256 3846 1274 3903 6
1292 3845 1400 3902 Joachis
1418 3848 1468 3917 Pb,

347 3944 394 3984 0111.
412 3930 535 3984 Vorctc'ecs
547 3931 582 3997 cf.
597 3931 636 3994 ΙΙ,
650 3935 674 4000 1,
686 3934 707 3984 2
718 3930 831 4000 (Joacim
843 3931 983 4000 Siyoaiua)
1001 3931 1014 3998 ll
1034 3930 1141 3984 ioachae
1158 3930 1241 3984 freter
1257 3931 1339 3986 iosiaa
1350 3931 1422 3986 filius
1434 3933 1468 4000 Ρ,

346 4015 607 4070 cremonenses:
625 4015 740 4071 10101110
754 4013 946 4070 1111111100110
962 4016 980 4068 f.
999 4017 1014 4070 b
1076 4015 1095 4073 9
1113 4015 1263 4072 babilonius
1275 4017 1303 4072 P
1366 4019 1401 4074 11
1420 4017 1469 4072 ba·

346 4099 466 4154 bilbnam
478 4102 506 4155 P
551 4100 766 4166 insomniato,
780 4102 1027 4168 110011110123.
1077 4102 1113 4158 13
1125 4103 1378 4173 eiusdemnominia]
1391 4103 1470 4171 01110

348 4187 436 4242 Proto
488 4187 525 4246 15
542 4187 716 4241 internetioni
728 4187 756 4241 P
777 4188 789 4254 11
812 4186 1013 4240 hierusolimam
1025 4188 1053 4241 P
1105 4187 1140 4243 17
1159 4188 1301 4259 uel—uel]
1313 4189 1352 4244 cic
1364 4189 1399 4256 P,
1412 4205 1470 4243 aon

347 4273 460 4337 et-at‚
478 4279 510 4326 ut
522 4273 563 4328 ait
575 4273 609 4326 de
620 4273 708 4326 Proto
762 4271 799 4328 18
811 4272 932 4325 mulieris
944 4272 972 4325 P
1022 4272 1062 4329 20
1073 4272 1186 4340 agrisb:
1204 4289 1253 4328 orn.
1268 4274 1307 4343 P,
1320 4276 1384 4342 fort.
1397 4290 1469 4328 erer-

347 4357 436 4412 ccndis
455 4357 528 4427 agris
545 4357 712 4426 colendisque
734 4358 746 4426 ΙΙ
770 4357 873 4411 incultu
886 4359 912 4411 P
974 4359 1011 4414 21
1031 4357 1151 4412 Scdecias
1169 4357 1291 4413 Dracina
1307 4377 1368 4414 cum
1384 4359 1471 4413 LXX

347 4443 481 4504 Σεδεκίας
555 4441 764 4499 2411111011111
776 4444 804 4496 P
825 4443 838 4510 ΙΙ
861 4443 993 4497 coniectus
1012 4445 1054 4496 eat
1070 4443 1086 4497 1
1108 4445 1120 4513 11
1142 4443 1307 4498 tricesimum
1325 4445 1468 4514 septimum

350 4528 493 4598 Sipontecc,
511 4529 546 4595 of.
561 4529 609 4584 IV
617 4529 682 4598 Ray.
696 4531 742 4596 25,
760 4531 799 4584 27
850 4528 888 4585 26
901 4529 998 4582 solatio
1011 4528 1053 4583 Po
