<?xml version="1.0" encoding="UTF-8"?>
<!DOCTYPE html PUBLIC "-//W3C//DTD XHTML 1.0 Transitional//EN"
    "http://www.w3.org/TR/xhtml1/DTD/xhtml1-transitional.dtd">
<html xmlns="http://www.w3.org/1999/xhtml" xml:lang="en" lang="en">
 <head>
  <title>
</title>
<meta http-equiv="Content-Type" content="text/html;charset=utf-8" />
  <meta name='ocr-system' content='tesseract 3.04.00' />
  <meta name='ocr-capabilities' content='ocr_page ocr_carea ocr_par ocr_line ocrx_word'/>
</head>
<body>
  <div class='ocr_page' id='page_1' title='image "./corpusscriptoru12wissgoog_0196.png"; bbox 0 0 3300 5142; ppageno 0'>
   <div class='ocr_carea' id='block_1_1' title="bbox 347 437 1049 508">
    <p class='ocr_par' dir='ltr' id='par_1_1' title="bbox 347 437 1049 508">
     <span class='ocr_line' id='line_1_1' title="bbox 347 437 1049 508; baseline -0.026 0"><span class='ocrx_word' id='word_1_1' title='bbox 347 443 408 508; x_wconf 66' lang='lat'><strong>178</strong></span> <span class='ocrx_word' id='word_1_2' title='bbox 760 439 907 508; x_wconf 84' lang='lat' dir='ltr'><strong>Sulpicii</strong></span> <span class='ocrx_word' id='word_1_3' title='bbox 934 437 1049 492; x_wconf 87' lang='lat' dir='ltr'><strong>Seueri</strong></span> 
     </span>
    </p>
   </div>
   <div class='ocr_carea' id='block_1_2' title="bbox 295 592 1534 3444">
    <p class='ocr_par' dir='ltr' id='par_1_2' title="bbox 295 592 1534 3444">
     <span class='ocr_line' id='line_1_2' title="bbox 317 592 1476 667; baseline -0.009 0"><span class='ocrx_word' id='word_1_4' title='bbox 317 597 477 667; x_wconf 70' lang='lat' dir='ltr'><strong>arentiam</strong></span> <span class='ocrx_word' id='word_1_5' title='bbox 501 595 585 660; x_wconf 87' lang='lat' dir='ltr'><strong>beati</strong></span> <span class='ocrx_word' id='word_1_6' title='bbox 610 595 672 660; x_wconf 85' lang='lat' dir='ltr'><strong>uiri</strong></span> <span class='ocrx_word' id='word_1_7' title='bbox 696 595 864 660; x_wconf 85' lang='lat' dir='ltr'><strong>ostenderit</strong></span> <span class='ocrx_word' id='word_1_8' title='bbox 889 594 1090 660; x_wconf 87' lang='lat' dir='ltr'><strong>uoluntatem.</strong></span> <span class='ocrx_word' id='word_1_9' title='bbox 1125 593 1252 658; x_wconf 90' lang='lat' dir='ltr'><strong>memini</strong></span> <span class='ocrx_word' id='word_1_10' title='bbox 1267 592 1476 658; x_wconf 74' lang='lat' dir='ltr'><strong>vincentium</strong></span> 
     </span>
     <span class='ocr_line' id='line_1_3' title="bbox 344 694 1475 782; baseline -0.004 -19"><span class='ocrx_word' id='word_1_11' title='bbox 344 698 549 782; x_wconf 86' lang='lat' dir='ltr'><strong>praefectum,</strong></span> <span class='ocrx_word' id='word_1_12' title='bbox 565 698 668 762; x_wconf 92' lang='lat' dir='ltr'><strong>uirum</strong></span> <span class='ocrx_word' id='word_1_13' title='bbox 683 698 842 781; x_wconf 89' lang='lat' dir='ltr'><strong>egregium</strong></span> <span class='ocrx_word' id='word_1_14' title='bbox 857 699 888 762; x_wconf 89' lang='lat' dir='ltr'><strong>et</strong></span> <span class='ocrx_word' id='word_1_15' title='bbox 903 716 962 779; x_wconf 93' lang='lat' dir='ltr'><strong>quo</strong></span> <span class='ocrx_word' id='word_1_16' title='bbox 976 696 1080 762; x_wconf 89' lang='lat' dir='ltr'><strong>nullus</strong></span> <span class='ocrx_word' id='word_1_17' title='bbox 1095 696 1137 760; x_wconf 88' lang='lat' dir='ltr'><strong>sit</strong></span> <span class='ocrx_word' id='word_1_18' title='bbox 1151 697 1233 760; x_wconf 85' lang='lat' dir='ltr'><strong>intra</strong></span> <span class='ocrx_word' id='word_1_19' title='bbox 1247 694 1367 760; x_wconf 80' lang='lat' dir='ltr'><strong>Gallias</strong></span> <span class='ocrx_word' id='word_1_20' title='bbox 1383 695 1475 760; x_wconf 92' lang='lat' dir='ltr'><strong>omni</strong></span> 
     </span>
     <span class='ocr_line' id='line_1_4' title="bbox 343 798 1475 884; baseline -0.004 -18"><span class='ocrx_word' id='word_1_21' title='bbox 343 801 498 866; x_wconf 81' lang='lat' dir='ltr'><strong>mrtutum</strong></span> <span class='ocrx_word' id='word_1_22' title='bbox 512 818 622 884; x_wconf 91' lang='lat' dir='ltr'><strong>genere</strong></span> <span class='ocrx_word' id='word_1_23' title='bbox 635 800 854 882; x_wconf 73' lang='lat' dir='ltr'><strong>praestantior,</strong></span> <span class='ocrx_word' id='word_1_24' title='bbox 877 799 952 864; x_wconf 91' lang='lat' dir='ltr'><strong>dum</strong></span> <span class='ocrx_word' id='word_1_25' title='bbox 968 799 1103 864; x_wconf 83' lang='lat' dir='ltr'><strong>Turonos</strong></span> <span class='ocrx_word' id='word_1_26' title='bbox 1118 799 1315 880; x_wconf 85' lang='lat' dir='ltr'><strong>praeteriret,</strong></span> <span class='ocrx_word' id='word_1_27' title='bbox 1339 817 1357 862; x_wconf 89' lang='lat' dir='ltr'><strong>a</strong></span> <span class='ocrx_word' id='word_1_28' title='bbox 1382 798 1475 862; x_wconf 84' lang='lat' dir='ltr'><strong>Mar-</strong></span> 
     </span>
     <span class='ocr_line' id='line_1_5' title="bbox 342 900 1471 985; baseline -0.004 -17"><span class='ocrx_word' id='word_1_29' title='bbox 342 904 408 968; x_wconf 93' lang='lat' dir='ltr'><strong>tino</strong></span> <span class='ocrx_word' id='word_1_30' title='bbox 423 902 543 985; x_wconf 88' lang='lat' dir='ltr'><strong>saepius</strong></span> <span class='ocrx_word' id='word_1_31' title='bbox 553 903 734 983; x_wconf 78' lang='lat' dir='ltr'><strong>poposcisse,</strong></span> <span class='ocrx_word' id='word_1_32' title='bbox 746 903 783 968; x_wconf 87' lang='lat' dir='ltr'><strong>ut</strong></span> <span class='ocrx_word' id='word_1_33' title='bbox 797 903 824 966; x_wconf 96' lang='lat' dir='ltr'><strong>ei</strong></span> <span class='ocrx_word' id='word_1_34' title='bbox 841 903 1018 968; x_wconf 92' lang='lat' dir='ltr'><strong>conuiuium</strong></span> <span class='ocrx_word' id='word_1_35' title='bbox 1029 903 1060 966; x_wconf 94' lang='lat' dir='ltr'><strong>in</strong></span> <span class='ocrx_word' id='word_1_36' title='bbox 1073 919 1127 967; x_wconf 90' lang='lat' dir='ltr'><strong>suo</strong></span> <span class='ocrx_word' id='word_1_37' title='bbox 1138 901 1322 966; x_wconf 87' lang='lat' dir='ltr'><strong>monasterio</strong></span> <span class='ocrx_word' id='word_1_38' title='bbox 1335 900 1471 964; x_wconf 79' lang='lat' dir='ltr'><strong>daret-</strong></span> 
     </span>
     <span class='ocr_line' id='line_1_6' title="bbox 343 1002 1534 1089; baseline -0.006 -17"><span class='ocrx_word' id='word_1_39' title='bbox 343 1007 377 1072; x_wconf 90' lang='lat' dir='ltr'><strong>in</strong></span> <span class='ocrx_word' id='word_1_40' title='bbox 390 1025 450 1089; x_wconf 92' lang='lat' dir='ltr'><strong>quo</strong></span> <span class='ocrx_word' id='word_1_41' title='bbox 465 1005 590 1088; x_wconf 93' lang='lat' dir='ltr'><strong>quidem</strong></span> <span class='ocrx_word' id='word_1_42' title='bbox 605 1004 779 1086; x_wconf 82' lang='lat' dir='ltr'><strong>exemplum</strong></span> <span class='ocrx_word' id='word_1_43' title='bbox 792 1004 877 1070; x_wconf 85' lang='lat' dir='ltr'><strong>beati</strong></span> <span class='ocrx_word' id='word_1_44' title='bbox 892 1004 1037 1068; x_wconf 84' lang='lat' dir='ltr'><strong>Ambrosi</strong></span> <span class='ocrx_word' id='word_1_45' title='bbox 1052 1003 1185 1086; x_wconf 87' lang='lat' dir='ltr'><strong>episcopi</strong></span> <span class='ocrx_word' id='word_1_46' title='bbox 1200 1002 1399 1086; x_wconf 82' lang='lat' dir='ltr'><strong>praelerebat,</strong></span> <span class='ocrx_word' id='word_1_47' title='bbox 1412 1003 1473 1084; x_wconf 91' lang='lat' dir='ltr'><strong>qni</strong></span> <span class='ocrx_word' id='word_1_48' title='bbox 1519 1016 1534 1054; x_wconf 82' lang='lat'><strong>⁵</strong></span> 
     </span>
     <span class='ocr_line' id='line_1_7' title="bbox 344 1104 1474 1190; baseline -0.005 -16"><span class='ocrx_word' id='word_1_49' title='bbox 344 1129 379 1174; x_wconf 95' lang='lat' dir='ltr'><strong>eo</strong></span> <span class='ocrx_word' id='word_1_50' title='bbox 400 1111 536 1189; x_wconf 79' lang='lat' dir='ltr'><strong>tempore</strong></span> <span class='ocrx_word' id='word_1_51' title='bbox 556 1106 694 1171; x_wconf 89' lang='lat' dir='ltr'><strong>consules</strong></span> <span class='ocrx_word' id='word_1_52' title='bbox 719 1108 751 1172; x_wconf 87' lang='lat' dir='ltr'><strong>et</strong></span> <span class='ocrx_word' id='word_1_53' title='bbox 775 1107 944 1188; x_wconf 75' lang='lat' dir='ltr'><strong>praefectos</strong></span> <span class='ocrx_word' id='word_1_54' title='bbox 959 1106 1088 1172; x_wconf 88' lang='lat' dir='ltr'><strong>subinde</strong></span> <span class='ocrx_word' id='word_1_55' title='bbox 1101 1123 1223 1190; x_wconf 91' lang='lat' dir='ltr'><strong>pascere</strong></span> <span class='ocrx_word' id='word_1_56' title='bbox 1239 1104 1395 1170; x_wconf 82' lang='lat' dir='ltr'><strong>ferebatur</strong></span> <span class='ocrx_word' id='word_1_57' title='bbox 1408 1127 1474 1168; x_wconf 77' lang='grc' dir='ltr'><strong>-ε</strong></span> 
     </span>
     <span class='ocr_line' id='line_1_8' title="bbox 344 1205 1475 1293; baseline -0.004 -18"><span class='ocrx_word' id='word_1_58' title='bbox 344 1211 398 1275; x_wconf 92' lang='lat' dir='ltr'><strong>sed</strong></span> <span class='ocrx_word' id='word_1_59' title='bbox 422 1210 525 1274; x_wconf 90' lang='lat' dir='ltr'><strong>uirum</strong></span> <span class='ocrx_word' id='word_1_60' title='bbox 550 1209 668 1273; x_wconf 89' lang='lat' dir='ltr'><strong>altioris</strong></span> <span class='ocrx_word' id='word_1_61' title='bbox 693 1209 824 1293; x_wconf 91' lang='lat' dir='ltr'><strong>ingenii,</strong></span> <span class='ocrx_word' id='word_1_62' title='bbox 847 1229 885 1274; x_wconf 91' lang='lat' dir='ltr'><strong>ne</strong></span> <span class='ocrx_word' id='word_1_63' title='bbox 899 1229 960 1293; x_wconf 89' lang='lat' dir='ltr'><strong>qua</strong></span> <span class='ocrx_word' id='word_1_64' title='bbox 975 1229 1011 1274; x_wconf 86' lang='lat' dir='ltr'><strong>er</strong></span> <span class='ocrx_word' id='word_1_65' title='bbox 1024 1209 1081 1272; x_wconf 89' lang='lat' dir='ltr'><strong>hoc</strong></span> <span class='ocrx_word' id='word_1_66' title='bbox 1100 1208 1221 1272; x_wconf 85' lang='lat' dir='ltr'><strong>uanitas</strong></span> <span class='ocrx_word' id='word_1_67' title='bbox 1235 1207 1334 1290; x_wconf 89' lang='lat' dir='ltr'><strong>adque</strong></span> <span class='ocrx_word' id='word_1_68' title='bbox 1348 1205 1475 1274; x_wconf 84' lang='lat' dir='ltr'><strong>inflatio</strong></span> 
     </span>
     <span class='ocr_line' id='line_1_9' title="bbox 317 1309 1475 1396; baseline -0.008 -15"><span class='ocrx_word' id='word_1_69' title='bbox 317 1329 333 1381; x_wconf 78' lang='lat'>7</span> <span class='ocrx_word' id='word_1_70' title='bbox 345 1313 515 1394; x_wconf 90' lang='lat' dir='ltr'><strong>obreperet,</strong></span> <span class='ocrx_word' id='word_1_71' title='bbox 538 1312 679 1376; x_wconf 90' lang='lat' dir='ltr'><strong>noluisse.</strong></span> <span class='ocrx_word' id='word_1_72' title='bbox 703 1329 776 1396; x_wconf 89' lang='lat' dir='ltr'><strong>ergo</strong></span> <span class='ocrx_word' id='word_1_73' title='bbox 790 1311 916 1376; x_wconf 67' lang='lat' dir='ltr'><strong>famens</strong></span> <span class='ocrx_word' id='word_1_74' title='bbox 930 1330 1051 1377; x_wconf 79' lang='lat' dir='ltr'><strong>neonem</strong></span> <span class='ocrx_word' id='word_1_75' title='bbox 1072 1311 1118 1375; x_wconf 87' lang='lat' dir='ltr'><strong>est</strong></span> <span class='ocrx_word' id='word_1_76' title='bbox 1133 1311 1165 1376; x_wconf 92' lang='lat' dir='ltr'><strong>in</strong></span> <span class='ocrx_word' id='word_1_77' title='bbox 1178 1310 1313 1374; x_wconf 81' lang='lat' dir='ltr'><strong>biartino</strong></span> <span class='ocrx_word' id='word_1_78' title='bbox 1328 1309 1475 1373; x_wconf 90' lang='lat' dir='ltr'><strong>omnium</strong></span> 
     </span>
     <span class='ocr_line' id='line_1_10' title="bbox 344 1411 1475 1497; baseline -0.004 -17"><span class='ocrx_word' id='word_1_79' title='bbox 344 1414 483 1493; x_wconf 87' lang='lat' dir='ltr'><strong>illorum,</strong></span> <span class='ocrx_word' id='word_1_80' title='bbox 506 1435 582 1497; x_wconf 90' lang='lat' dir='ltr'><strong>qnos</strong></span> <span class='ocrx_word' id='word_1_81' title='bbox 596 1415 797 1490; x_wconf 78' lang='lat' dir='ltr'><strong>enumerasti,</strong></span> <span class='ocrx_word' id='word_1_82' title='bbox 820 1414 916 1479; x_wconf 82' lang='lat' dir='ltr'><strong>fuisse</strong></span> <span class='ocrx_word' id='word_1_83' title='bbox 931 1415 1072 1492; x_wconf 84' lang='lat' dir='ltr'><strong>uirtutes,</strong></span> <span class='ocrx_word' id='word_1_84' title='bbox 1088 1413 1214 1478; x_wconf 84' lang='lat' dir='ltr'><strong>Martini</strong></span> <span class='ocrx_word' id='word_1_85' title='bbox 1230 1413 1334 1478; x_wconf 89' lang='lat' dir='ltr'><strong>autem</strong></span> <span class='ocrx_word' id='word_1_86' title='bbox 1354 1413 1387 1476; x_wconf 91' lang='lat' dir='ltr'><strong>in</strong></span> <span class='ocrx_word' id='word_1_87' title='bbox 1402 1411 1475 1476; x_wconf 89' lang='lat' dir='ltr'><strong>illis</strong></span> 
     </span>
     <span class='ocr_line' id='line_1_11' title="bbox 344 1516 1513 1584; baseline -0.003 -2"><span class='ocrx_word' id='word_1_88' title='bbox 344 1516 677 1584; x_wconf 82' lang='lat' dir='ltr'><strong>omnibusnonfuisse.</strong></span> <span class='ocrx_word' id='word_1_89' title='bbox 1486 1531 1513 1568; x_wconf 85' lang='lat'><strong>1⁰</strong></span> 
     </span>
     <span class='ocr_line' id='line_1_12' title="bbox 295 1617 1474 1702; baseline -0.002 -18"><span class='ocrx_word' id='word_1_90' title='bbox 295 1631 335 1694; x_wconf 67' lang='grc' dir='ltr'><strong>ιι</strong></span> <span class='ocrx_word' id='word_1_91' title='bbox 387 1618 469 1698; x_wconf 82' lang='lat' dir='ltr'><strong>Quid</strong></span> <span class='ocrx_word' id='word_1_92' title='bbox 483 1621 533 1697; x_wconf 87' lang='lat' dir='ltr'><strong>tu,</strong></span> <span class='ocrx_word' id='word_1_93' title='bbox 556 1619 658 1702; x_wconf 87' lang='lat' dir='ltr'><strong>inquit</strong></span> <span class='ocrx_word' id='word_1_94' title='bbox 681 1619 914 1696; x_wconf 85' lang='lat' dir='ltr'><strong>Postumianus,</strong></span> <span class='ocrx_word' id='word_1_95' title='bbox 937 1619 982 1683; x_wconf 87' lang='lat' dir='ltr'><strong>ite</strong></span> <span class='ocrx_word' id='word_1_96' title='bbox 1006 1621 1150 1684; x_wconf 79' lang='lat' dir='ltr'><strong>mecum?</strong></span> <span class='ocrx_word' id='word_1_97' title='bbox 1172 1618 1259 1700; x_wconf 90' lang='lat' dir='ltr'><strong>quasi</strong></span> <span class='ocrx_word' id='word_1_98' title='bbox 1278 1637 1338 1683; x_wconf 92' lang='lat' dir='ltr'><strong>non</strong></span> <span class='ocrx_word' id='word_1_99' title='bbox 1359 1617 1474 1682; x_wconf 87' lang='lat' dir='ltr'><strong>eadem</strong></span> 
     </span>
     <span class='ocr_line' id='line_1_13' title="bbox 344 1721 1474 1805; baseline -0.002 -19"><span class='ocrx_word' id='word_1_100' title='bbox 344 1724 448 1786; x_wconf 84' lang='lat' dir='ltr'><strong>tecum</strong></span> <span class='ocrx_word' id='word_1_101' title='bbox 463 1722 593 1786; x_wconf 85' lang='lat' dir='ltr'><strong>sentiam</strong></span> <span class='ocrx_word' id='word_1_102' title='bbox 608 1740 786 1803; x_wconf 87' lang='lat' dir='ltr'><strong>semperque</strong></span> <span class='ocrx_word' id='word_1_103' title='bbox 806 1722 962 1786; x_wconf 88' lang='lat' dir='ltr'><strong>senserim.</strong></span> <span class='ocrx_word' id='word_1_104' title='bbox 987 1739 1042 1805; x_wconf 89' lang='lat' dir='ltr'><strong>ego</strong></span> <span class='ocrx_word' id='word_1_105' title='bbox 1054 1741 1125 1786; x_wconf 93' lang='lat' dir='ltr'><strong>uero</strong></span> <span class='ocrx_word' id='word_1_106' title='bbox 1146 1721 1340 1803; x_wconf 79' lang='lat' dir='ltr'><strong>quoadusque</strong></span> <span class='ocrx_word' id='word_1_107' title='bbox 1361 1721 1474 1785; x_wconf 89' lang='lat' dir='ltr'><strong>uiuam</strong></span> 
     </span>
     <span class='ocr_line' id='line_1_14' title="bbox 345 1823 1474 1908; baseline -0.004 -18"><span class='ocrx_word' id='word_1_108' title='bbox 345 1843 464 1906; x_wconf 90' lang='lat' dir='ltr'><strong>semper</strong></span> <span class='ocrx_word' id='word_1_109' title='bbox 488 1824 520 1888; x_wconf 87' lang='lat' dir='ltr'><strong>et</strong></span> <span class='ocrx_word' id='word_1_110' title='bbox 545 1824 678 1904; x_wconf 86' lang='lat' dir='ltr'><strong>sapiam,</strong></span> <span class='ocrx_word' id='word_1_111' title='bbox 701 1823 838 1908; x_wconf 79' lang='lat' dir='ltr'><strong>Aegypti</strong></span> <span class='ocrx_word' id='word_1_112' title='bbox 852 1823 1015 1890; x_wconf 86' lang='lat' dir='ltr'><strong>monachos</strong></span> <span class='ocrx_word' id='word_1_113' title='bbox 1035 1823 1224 1906; x_wconf 87' lang='lat' dir='ltr'><strong>praedicabo,</strong></span> <span class='ocrx_word' id='word_1_114' title='bbox 1247 1823 1379 1888; x_wconf 88' lang='lat' dir='ltr'><strong>laudabo</strong></span> <span class='ocrx_word' id='word_1_115' title='bbox 1395 1841 1474 1886; x_wconf 82' lang='lat' dir='ltr'><strong>ana-</strong></span> 
     </span>
     <span class='ocr_line' id='line_1_15' title="bbox 344 1925 1474 2008; baseline 0 -18"><span class='ocrx_word' id='word_1_116' title='bbox 344 1927 496 2004; x_wconf 87' lang='lat' dir='ltr'><strong>choretas,</strong></span> <span class='ocrx_word' id='word_1_117' title='bbox 511 1925 645 1990; x_wconf 90' lang='lat' dir='ltr'><strong>mirabor</strong></span> <span class='ocrx_word' id='word_1_118' title='bbox 659 1927 818 1990; x_wconf 85' lang='lat' dir='ltr'><strong>eremitas:</strong></span> <span class='ocrx_word' id='word_1_119' title='bbox 841 1925 1012 1992; x_wconf 81' lang='lat' dir='ltr'><strong>Martinam</strong></span> <span class='ocrx_word' id='word_1_120' title='bbox 1026 1945 1145 2008; x_wconf 91' lang='lat' dir='ltr'><strong>semper</strong></span> <span class='ocrx_word' id='word_1_121' title='bbox 1159 1925 1324 2007; x_wconf 82' lang='lat' dir='ltr'><strong>excipiam:</strong></span> <span class='ocrx_word' id='word_1_122' title='bbox 1345 1941 1406 1990; x_wconf 93' lang='lat' dir='ltr'><strong>non</strong></span> <span class='ocrx_word' id='word_1_123' title='bbox 1420 1925 1474 1990; x_wconf 91' lang='lat' dir='ltr'><strong>illi</strong></span> 
     </span>
     <span class='ocr_line' id='line_1_16' title="bbox 344 2027 1512 2113; baseline -0.002 -19"><span class='ocrx_word' id='word_1_124' title='bbox 344 2047 401 2113; x_wconf 89' lang='lat' dir='ltr'><strong>ego</strong></span> <span class='ocrx_word' id='word_1_125' title='bbox 427 2027 523 2094; x_wconf 88' lang='lat' dir='ltr'><strong>audeo</strong></span> <span class='ocrx_word' id='word_1_126' title='bbox 547 2028 779 2107; x_wconf 86' lang='lat' dir='ltr'><strong>monachorum,</strong></span> <span class='ocrx_word' id='word_1_127' title='bbox 803 2030 883 2094; x_wconf 89' lang='lat' dir='ltr'><strong>certe</strong></span> <span class='ocrx_word' id='word_1_128' title='bbox 908 2049 968 2095; x_wconf 93' lang='lat' dir='ltr'><strong>non</strong></span> <span class='ocrx_word' id='word_1_129' title='bbox 981 2029 1192 2112; x_wconf 89' lang='lat' dir='ltr'><strong>episcopomm</strong></span> <span class='ocrx_word' id='word_1_130' title='bbox 1206 2027 1382 2111; x_wconf 87' lang='lat' dir='ltr'><strong>quempiam</strong></span> <span class='ocrx_word' id='word_1_131' title='bbox 1398 2045 1512 2092; x_wconf 71' lang='lat' dir='ltr'><strong>oon-1³</strong></span> 
     </span>
     <span class='ocr_line' id='line_1_17' title="bbox 317 2129 1472 2214; baseline -0.001 -19"><span class='ocrx_word' id='word_1_132' title='bbox 317 2141 460 2214; x_wconf 73' lang='lat' dir='ltr'><strong>aparare.</strong></span> <span class='ocrx_word' id='word_1_133' title='bbox 483 2130 540 2196; x_wconf 92' lang='lat' dir='ltr'><strong>hoc</strong></span> <span class='ocrx_word' id='word_1_134' title='bbox 554 2130 716 2214; x_wconf 80' lang='lat' dir='ltr'><strong>Aegyptus</strong></span> <span class='ocrx_word' id='word_1_135' title='bbox 731 2130 861 2210; x_wconf 87' lang='lat' dir='ltr'><strong>fatetur,</strong></span> <span class='ocrx_word' id='word_1_136' title='bbox 885 2131 942 2196; x_wconf 90' lang='lat' dir='ltr'><strong>hoc</strong></span> <span class='ocrx_word' id='word_1_137' title='bbox 957 2129 1060 2214; x_wconf 83' lang='lat' dir='ltr'><strong>Syria,</strong></span> <span class='ocrx_word' id='word_1_138' title='bbox 1083 2131 1141 2196; x_wconf 90' lang='lat' dir='ltr'><strong>hoc</strong></span> <span class='ocrx_word' id='word_1_139' title='bbox 1155 2130 1305 2212; x_wconf 82' lang='lat' dir='ltr'><strong>Aethiops</strong></span> <span class='ocrx_word' id='word_1_140' title='bbox 1321 2130 1472 2210; x_wconf 86' lang='lat' dir='ltr'><strong>conperit,</strong></span> 
     </span>
     <span class='ocr_line' id='line_1_18' title="bbox 344 2233 1475 2316; baseline -0.002 -18"><span class='ocrx_word' id='word_1_141' title='bbox 344 2235 402 2299; x_wconf 88' lang='lat' dir='ltr'><strong>hoo</strong></span> <span class='ocrx_word' id='word_1_142' title='bbox 417 2233 512 2298; x_wconf 90' lang='lat' dir='ltr'><strong>Indus</strong></span> <span class='ocrx_word' id='word_1_143' title='bbox 526 2233 661 2311; x_wconf 74' lang='lat' dir='ltr'><strong>audiunt,</strong></span> <span class='ocrx_word' id='word_1_144' title='bbox 684 2234 741 2298; x_wconf 86' lang='lat' dir='ltr'><strong>hoc</strong></span> <span class='ocrx_word' id='word_1_145' title='bbox 761 2233 896 2299; x_wconf 89' lang='lat' dir='ltr'><strong>Parthus</strong></span> <span class='ocrx_word' id='word_1_146' title='bbox 922 2234 954 2298; x_wconf 93' lang='lat' dir='ltr'><strong>et</strong></span> <span class='ocrx_word' id='word_1_147' title='bbox 979 2235 1074 2298; x_wconf 88' lang='lat' dir='ltr'><strong>Persa</strong></span> <span class='ocrx_word' id='word_1_148' title='bbox 1088 2235 1254 2312; x_wconf 82' lang='lat' dir='ltr'><strong>nouerimt,</strong></span> <span class='ocrx_word' id='word_1_149' title='bbox 1277 2251 1333 2298; x_wconf 89' lang='lat' dir='ltr'><strong>nec</strong></span> <span class='ocrx_word' id='word_1_150' title='bbox 1347 2233 1475 2316; x_wconf 86' lang='lat' dir='ltr'><strong>ignerat</strong></span> 
     </span>
     <span class='ocr_line' id='line_1_19' title="bbox 345 2334 1473 2420; baseline -0.004 -18"><span class='ocrx_word' id='word_1_151' title='bbox 345 2336 507 2412; x_wconf 84' lang='lat' dir='ltr'><strong>Armenia,</strong></span> <span class='ocrx_word' id='word_1_152' title='bbox 523 2335 676 2418; x_wconf 87' lang='lat' dir='ltr'><strong>Bosporus</strong></span> <span class='ocrx_word' id='word_1_153' title='bbox 687 2335 809 2401; x_wconf 84' lang='lat' dir='ltr'><strong>exclusa</strong></span> <span class='ocrx_word' id='word_1_154' title='bbox 819 2337 978 2420; x_wconf 85' lang='lat' dir='ltr'><strong>cognouit,</strong></span> <span class='ocrx_word' id='word_1_155' title='bbox 994 2338 1026 2400; x_wconf 87' lang='lat' dir='ltr'><strong>et</strong></span> <span class='ocrx_word' id='word_1_156' title='bbox 1036 2336 1189 2419; x_wconf 88' lang='lat' dir='ltr'><strong>postremo</strong></span> <span class='ocrx_word' id='word_1_157' title='bbox 1201 2336 1228 2400; x_wconf 93' lang='lat' dir='ltr'><strong>si</strong></span> <span class='ocrx_word' id='word_1_158' title='bbox 1243 2335 1313 2417; x_wconf 92' lang='lat' dir='ltr'><strong>quis</strong></span> <span class='ocrx_word' id='word_1_159' title='bbox 1328 2335 1382 2398; x_wconf 89' lang='lat' dir='ltr'><strong>aut</strong></span> <span class='ocrx_word' id='word_1_160' title='bbox 1392 2334 1473 2398; x_wconf 85' lang='lat' dir='ltr'><strong>For-</strong></span> 
     </span>
     <span class='ocr_line' id='line_1_20' title="bbox 318 2437 1474 2521; baseline 0.004 -24"><span class='ocrx_word' id='word_1_161' title='bbox 318 2440 470 2503; x_wconf 80' lang='lat' dir='ltr'><strong>etunatas</strong></span> <span class='ocrx_word' id='word_1_162' title='bbox 483 2437 600 2502; x_wconf 89' lang='lat' dir='ltr'><strong>insulas</strong></span> <span class='ocrx_word' id='word_1_163' title='bbox 620 2439 675 2502; x_wconf 88' lang='lat' dir='ltr'><strong>aut</strong></span> <span class='ocrx_word' id='word_1_164' title='bbox 694 2437 859 2521; x_wconf 83' lang='lat' dir='ltr'><strong>glacialem</strong></span> <span class='ocrx_word' id='word_1_165' title='bbox 880 2438 1054 2520; x_wconf 80' lang='lat' dir='ltr'><strong>frequentat</strong></span> <span class='ocrx_word' id='word_1_166' title='bbox 1075 2457 1231 2504; x_wconf 87' lang='lat' dir='ltr'><strong>oceanum.</strong></span> <span class='ocrx_word' id='word_1_167' title='bbox 1255 2455 1314 2520; x_wconf 89' lang='lat' dir='ltr'><strong>quo</strong></span> <span class='ocrx_word' id='word_1_168' title='bbox 1329 2437 1474 2502; x_wconf 89' lang='lat' dir='ltr'><strong>miserior</strong></span> 
     </span>
     <span class='ocr_line' id='line_1_21' title="bbox 346 2539 1512 2622; baseline -0.004 -17"><span class='ocrx_word' id='word_1_169' title='bbox 346 2540 394 2605; x_wconf 90' lang='lat' dir='ltr'><strong>est</strong></span> <span class='ocrx_word' id='word_1_170' title='bbox 408 2539 492 2622; x_wconf 88' lang='lat' dir='ltr'><strong>regio</strong></span> <span class='ocrx_word' id='word_1_171' title='bbox 506 2539 568 2603; x_wconf 90' lang='lat' dir='ltr'><strong>ista</strong></span> <span class='ocrx_word' id='word_1_172' title='bbox 582 2540 770 2618; x_wconf 85' lang='lat' dir='ltr'><strong>nostrorum,</strong></span> <span class='ocrx_word' id='word_1_173' title='bbox 793 2559 871 2622; x_wconf 90' lang='lat' dir='ltr'><strong>quae</strong></span> <span class='ocrx_word' id='word_1_174' title='bbox 892 2543 1015 2606; x_wconf 82' lang='lat' dir='ltr'><strong>tantum</strong></span> <span class='ocrx_word' id='word_1_175' title='bbox 1035 2541 1154 2619; x_wconf 91' lang='lat' dir='ltr'><strong>uirum,</strong></span> <span class='ocrx_word' id='word_1_176' title='bbox 1177 2559 1248 2606; x_wconf 85' lang='lat' dir='ltr'><strong>eum</strong></span> <span class='ocrx_word' id='word_1_177' title='bbox 1273 2541 1306 2604; x_wconf 91' lang='lat' dir='ltr'><strong>in</strong></span> <span class='ocrx_word' id='word_1_178' title='bbox 1331 2541 1512 2622; x_wconf 71' lang='lat' dir='ltr'><strong>proximem</strong></span> 
     </span>
     <span class='ocr_line' id='line_1_22' title="bbox 346 2641 1473 2724; baseline 0.001 -19"><span class='ocrx_word' id='word_1_179' title='bbox 346 2641 502 2718; x_wconf 87' lang='lat' dir='ltr'><strong>habuerit,</strong></span> <span class='ocrx_word' id='word_1_180' title='bbox 525 2660 613 2706; x_wconf 92' lang='lat' dir='ltr'><strong>nosse</strong></span> <span class='ocrx_word' id='word_1_181' title='bbox 627 2659 687 2706; x_wconf 93' lang='lat' dir='ltr'><strong>non</strong></span> <span class='ocrx_word' id='word_1_182' title='bbox 700 2643 823 2707; x_wconf 90' lang='lat' dir='ltr'><strong>meruit.</strong></span> <span class='ocrx_word' id='word_1_183' title='bbox 847 2663 902 2708; x_wconf 90' lang='lat' dir='ltr'><strong>nee</strong></span> <span class='ocrx_word' id='word_1_184' title='bbox 917 2645 1022 2708; x_wconf 89' lang='lat' dir='ltr'><strong>tamen</strong></span> <span class='ocrx_word' id='word_1_185' title='bbox 1036 2643 1109 2708; x_wconf 91' lang='lat' dir='ltr'><strong>huic</strong></span> <span class='ocrx_word' id='word_1_186' title='bbox 1123 2643 1244 2708; x_wconf 90' lang='lat' dir='ltr'><strong>crimini</strong></span> <span class='ocrx_word' id='word_1_187' title='bbox 1265 2642 1399 2708; x_wconf 87' lang='lat' dir='ltr'><strong>miscebo</strong></span> <span class='ocrx_word' id='word_1_188' title='bbox 1415 2661 1473 2724; x_wconf 91' lang='lat' dir='ltr'><strong>pe-</strong></span> 
     </span>
     <span class='ocr_line' id='line_1_23' title="bbox 347 2743 1473 2826; baseline 0.004 -20"><span class='ocrx_word' id='word_1_189' title='bbox 347 2743 482 2826; x_wconf 86' lang='lat' dir='ltr'><strong>pulares:</strong></span> <span class='ocrx_word' id='word_1_190' title='bbox 505 2743 562 2806; x_wconf 89' lang='lat' dir='ltr'><strong>soli</strong></span> <span class='ocrx_word' id='word_1_191' title='bbox 581 2743 673 2808; x_wconf 89' lang='lat' dir='ltr'><strong>illum</strong></span> <span class='ocrx_word' id='word_1_192' title='bbox 694 2743 812 2825; x_wconf 85' lang='lat' dir='ltr'><strong>clerici,</strong></span> <span class='ocrx_word' id='word_1_193' title='bbox 836 2747 893 2810; x_wconf 89' lang='lat' dir='ltr'><strong>soli</strong></span> <span class='ocrx_word' id='word_1_194' title='bbox 918 2747 1058 2810; x_wconf 88' lang='lat' dir='ltr'><strong>nesciunt</strong></span> <span class='ocrx_word' id='word_1_195' title='bbox 1078 2745 1267 2824; x_wconf 88' lang='lat' dir='ltr'><strong>sacerdotes,</strong></span> <span class='ocrx_word' id='word_1_196' title='bbox 1290 2765 1345 2810; x_wconf 87' lang='lat' dir='ltr'><strong>neo</strong></span> <span class='ocrx_word' id='word_1_197' title='bbox 1369 2746 1473 2810; x_wconf 90' lang='lat' dir='ltr'><strong>inme-</strong></span> 
     </span>
     <span class='ocr_line' id='line_1_24' title="bbox 347 2844 1472 2931; baseline 0.003 -22"><span class='ocrx_word' id='word_1_198' title='bbox 347 2845 407 2909; x_wconf 89' lang='lat' dir='ltr'><strong>rito</strong></span> <span class='ocrx_word' id='word_1_199' title='bbox 421 2862 509 2910; x_wconf 91' lang='lat' dir='ltr'><strong>nosse</strong></span> <span class='ocrx_word' id='word_1_200' title='bbox 523 2844 614 2910; x_wconf 92' lang='lat' dir='ltr'><strong>illum</strong></span> <span class='ocrx_word' id='word_1_201' title='bbox 628 2846 727 2912; x_wconf 91' lang='lat' dir='ltr'><strong>inuidi</strong></span> <span class='ocrx_word' id='word_1_202' title='bbox 741 2848 919 2926; x_wconf 87' lang='lat' dir='ltr'><strong>noluerunt,</strong></span> <span class='ocrx_word' id='word_1_203' title='bbox 943 2849 1015 2931; x_wconf 90' lang='lat' dir='ltr'><strong>quia</strong></span> <span class='ocrx_word' id='word_1_204' title='bbox 1035 2848 1062 2912; x_wconf 87' lang='lat' dir='ltr'><strong>si</strong></span> <span class='ocrx_word' id='word_1_205' title='bbox 1083 2848 1214 2912; x_wconf 87' lang='lat' dir='ltr'><strong>uirtutes</strong></span> <span class='ocrx_word' id='word_1_206' title='bbox 1234 2847 1320 2912; x_wconf 90' lang='lat' dir='ltr'><strong>iilius</strong></span> <span class='ocrx_word' id='word_1_207' title='bbox 1335 2851 1472 2926; x_wconf 89' lang='lat' dir='ltr'><strong>nossent,</strong></span> 
     </span>
     <span class='ocr_line' id='line_1_25' title="bbox 318 2947 1472 3034; baseline 0.003 -23"><span class='ocrx_word' id='word_1_208' title='bbox 318 2957 405 3012; x_wconf 68' lang='lat' dir='ltr'><strong>esua</strong></span> <span class='ocrx_word' id='word_1_209' title='bbox 418 2947 498 3012; x_wconf 85' lang='lat' dir='ltr'><strong>uilia</strong></span> <span class='ocrx_word' id='word_1_210' title='bbox 516 2949 737 3031; x_wconf 87' lang='lat' dir='ltr'><strong>cognouissent.</strong></span> <span class='ocrx_word' id='word_1_211' title='bbox 760 2950 868 3016; x_wconf 90' lang='lat' dir='ltr'><strong>horreo</strong></span> <span class='ocrx_word' id='word_1_212' title='bbox 889 2950 987 3014; x_wconf 88' lang='lat' dir='ltr'><strong>dicere</strong></span> <span class='ocrx_word' id='word_1_213' title='bbox 1008 2971 1086 3033; x_wconf 91' lang='lat' dir='ltr'><strong>quae</strong></span> <span class='ocrx_word' id='word_1_214' title='bbox 1105 2969 1202 3034; x_wconf 91' lang='lat' dir='ltr'><strong>nuper</strong></span> <span class='ocrx_word' id='word_1_215' title='bbox 1223 2950 1343 3028; x_wconf 89' lang='lat' dir='ltr'><strong>audiui,</strong></span> <span class='ocrx_word' id='word_1_216' title='bbox 1366 2949 1472 3015; x_wconf 85' lang='lat' dir='ltr'><strong>infeli-</strong></span> 
     </span>
     <span class='ocr_line' id='line_1_26' title="bbox 348 3049 1509 3134; baseline 0.001 -21"><span class='ocrx_word' id='word_1_217' title='bbox 348 3069 415 3114; x_wconf 87' lang='lat' dir='ltr'><strong>cem</strong></span> <span class='ocrx_word' id='word_1_218' title='bbox 430 3049 542 3114; x_wconf 84' lang='lat' dir='ltr'><strong>dixisse</strong></span> <span class='ocrx_word' id='word_1_219' title='bbox 555 3051 657 3116; x_wconf 88' lang='lat' dir='ltr'><strong>neseio</strong></span> <span class='ocrx_word' id='word_1_220' title='bbox 672 3071 774 3133; x_wconf 91' lang='lat' dir='ltr'><strong>quem,</strong></span> <span class='ocrx_word' id='word_1_221' title='bbox 790 3055 821 3118; x_wconf 89' lang='lat' dir='ltr'><strong>te</strong></span> <span class='ocrx_word' id='word_1_222' title='bbox 835 3053 868 3118; x_wconf 93' lang='lat' dir='ltr'><strong>in</strong></span> <span class='ocrx_word' id='word_1_223' title='bbox 882 3053 937 3118; x_wconf 94' lang='lat' dir='ltr'><strong>illo</strong></span> <span class='ocrx_word' id='word_1_224' title='bbox 952 3053 1030 3117; x_wconf 91' lang='lat' dir='ltr'><strong>libro</strong></span> <span class='ocrx_word' id='word_1_225' title='bbox 1045 3055 1100 3118; x_wconf 89' lang='lat' dir='ltr'><strong>tuo</strong></span> <span class='ocrx_word' id='word_1_226' title='bbox 1114 3052 1204 3134; x_wconf 90' lang='lat' dir='ltr'><strong>plura</strong></span> <span class='ocrx_word' id='word_1_227' title='bbox 1218 3053 1394 3118; x_wconf 88' lang='lat' dir='ltr'><strong>mentitum.</strong></span> <span class='ocrx_word' id='word_1_228' title='bbox 1410 3071 1472 3118; x_wconf 91' lang='lat' dir='ltr'><strong>nen</strong></span> <span class='ocrx_word' id='word_1_229' title='bbox 1482 3074 1509 3114; x_wconf 75' lang='lat' dir='ltr'><strong>ss</strong></span> 
     </span>
     <span class='ocr_line' id='line_1_27' title="bbox 349 3143 1471 3238; baseline 0.004 -22"><span class='ocrx_word' id='word_1_230' title='bbox 349 3153 397 3216; x_wconf 89' lang='lat' dir='ltr'><strong>est</strong></span> <span class='ocrx_word' id='word_1_231' title='bbox 411 3151 543 3216; x_wconf 90' lang='lat' dir='ltr'><strong>hominis</strong></span> <span class='ocrx_word' id='word_1_232' title='bbox 557 3171 616 3216; x_wconf 84' lang='lat' dir='ltr'><strong>nor</strong></span> <span class='ocrx_word' id='word_1_233' title='bbox 629 3143 706 3232; x_wconf 78' lang='lat' dir='ltr'><strong>istri,</strong></span> <span class='ocrx_word' id='word_1_234' title='bbox 722 3154 776 3218; x_wconf 89' lang='lat' dir='ltr'><strong>sed</strong></span> <span class='ocrx_word' id='word_1_235' title='bbox 790 3154 920 3234; x_wconf 90' lang='lat' dir='ltr'><strong>diaboli,</strong></span> <span class='ocrx_word' id='word_1_236' title='bbox 936 3175 992 3220; x_wconf 88' lang='lat' dir='ltr'><strong>nec</strong></span> <span class='ocrx_word' id='word_1_237' title='bbox 1006 3155 1139 3219; x_wconf 89' lang='lat' dir='ltr'><strong>Martino</strong></span> <span class='ocrx_word' id='word_1_238' title='bbox 1154 3155 1187 3220; x_wconf 89' lang='lat' dir='ltr'><strong>in</strong></span> <span class='ocrx_word' id='word_1_239' title='bbox 1201 3154 1257 3220; x_wconf 88' lang='lat' dir='ltr'><strong>hac</strong></span> <span class='ocrx_word' id='word_1_240' title='bbox 1268 3157 1356 3238; x_wconf 84' lang='lat' dir='ltr'><strong>parte</strong></span> <span class='ocrx_word' id='word_1_241' title='bbox 1367 3155 1471 3220; x_wconf 84' lang='lat' dir='ltr'><strong>detra-</strong></span> 
     </span>
     <span class='ocr_line' id='line_1_28' title="bbox 319 3253 1472 3342; baseline 0.011 -31"><span class='ocrx_word' id='word_1_242' title='bbox 319 3253 448 3331; x_wconf 78' lang='lat' dir='ltr'><strong>bhitur,</strong></span> <span class='ocrx_word' id='word_1_243' title='bbox 471 3255 524 3318; x_wconf 91' lang='lat' dir='ltr'><strong>sed</strong></span> <span class='ocrx_word' id='word_1_244' title='bbox 549 3253 624 3318; x_wconf 89' lang='lat' dir='ltr'><strong>fides</strong></span> <span class='ocrx_word' id='word_1_245' title='bbox 647 3256 825 3340; x_wconf 82' lang='lat' dir='ltr'><strong>Euangeliis</strong></span> <span class='ocrx_word' id='word_1_246' title='bbox 850 3257 1022 3341; x_wconf 88' lang='lat' dir='ltr'><strong>derogatur.</strong></span> <span class='ocrx_word' id='word_1_247' title='bbox 1045 3277 1117 3322; x_wconf 87' lang='lat' dir='ltr'><strong>nam</strong></span> <span class='ocrx_word' id='word_1_248' title='bbox 1138 3277 1209 3324; x_wconf 87' lang='lat' dir='ltr'><strong>cum</strong></span> <span class='ocrx_word' id='word_1_249' title='bbox 1229 3259 1380 3334; x_wconf 88' lang='lat' dir='ltr'><strong>Dominus</strong></span> <span class='ocrx_word' id='word_1_250' title='bbox 1405 3259 1472 3342; x_wconf 92' lang='lat' dir='ltr'><strong>ipse</strong></span> 
     </span>
     <span class='ocr_line' id='line_1_29' title="bbox 349 3356 1472 3444; baseline 0.004 -23"><span class='ocrx_word' id='word_1_251' title='bbox 349 3357 482 3421; x_wconf 82' lang='lat' dir='ltr'><strong>testatus</strong></span> <span class='ocrx_word' id='word_1_252' title='bbox 502 3357 544 3420; x_wconf 88' lang='lat' dir='ltr'><strong>sit</strong></span> <span class='ocrx_word' id='word_1_253' title='bbox 562 3356 737 3424; x_wconf 76' lang='lat' dir='ltr'><strong>istiusmodi</strong></span> <span class='ocrx_word' id='word_1_254' title='bbox 757 3378 862 3442; x_wconf 87' lang='lat' dir='ltr'><strong>opera,</strong></span> <span class='ocrx_word' id='word_1_255' title='bbox 886 3378 962 3444; x_wconf 92' lang='lat' dir='ltr'><strong>quae</strong></span> <span class='ocrx_word' id='word_1_256' title='bbox 977 3361 1129 3425; x_wconf 83' lang='lat' dir='ltr'><strong>biartinus</strong></span> <span class='ocrx_word' id='word_1_257' title='bbox 1144 3360 1293 3443; x_wconf 91' lang='lat' dir='ltr'><strong>inpleuit,</strong></span> <span class='ocrx_word' id='word_1_258' title='bbox 1317 3360 1356 3426; x_wconf 89' lang='lat' dir='ltr'><strong>ab</strong></span> <span class='ocrx_word' id='word_1_259' title='bbox 1371 3362 1472 3426; x_wconf 88' lang='lat' dir='ltr'><strong>omni-</strong></span> 
     </span>
    </p>
   </div>
   <div class='ocr_carea' id='block_1_3' title="bbox 350 3457 1471 3544">
    <p class='ocr_par' dir='ltr' id='par_1_3' title="bbox 350 3457 1471 3544">
     <span class='ocr_line' id='line_1_30' title="bbox 350 3457 1471 3544; baseline 0.005 -22"><span class='ocrx_word' id='word_1_260' title='bbox 350 3458 408 3523; x_wconf 90' lang='lat' dir='ltr'><strong>bus</strong></span> <span class='ocrx_word' id='word_1_261' title='bbox 422 3457 565 3522; x_wconf 90' lang='lat' dir='ltr'><strong>fidelibus</strong></span> <span class='ocrx_word' id='word_1_262' title='bbox 579 3477 645 3524; x_wconf 90' lang='lat' dir='ltr'><strong>esse</strong></span> <span class='ocrx_word' id='word_1_263' title='bbox 659 3460 813 3541; x_wconf 88' lang='lat' dir='ltr'><strong>facienda,</strong></span> <span class='ocrx_word' id='word_1_264' title='bbox 836 3463 889 3544; x_wconf 93' lang='lat' dir='ltr'><strong>qui</strong></span> <span class='ocrx_word' id='word_1_265' title='bbox 904 3463 1075 3528; x_wconf 87' lang='lat' dir='ltr'><strong>Martinum</strong></span> <span class='ocrx_word' id='word_1_266' title='bbox 1088 3480 1148 3528; x_wconf 92' lang='lat' dir='ltr'><strong>non</strong></span> <span class='ocrx_word' id='word_1_267' title='bbox 1164 3463 1261 3528; x_wconf 85' lang='lat' dir='ltr'><strong>credit</strong></span> <span class='ocrx_word' id='word_1_268' title='bbox 1276 3464 1337 3528; x_wconf 89' lang='lat' dir='ltr'><strong>ista</strong></span> <span class='ocrx_word' id='word_1_269' title='bbox 1351 3463 1471 3542; x_wconf 85' lang='lat' dir='ltr'><strong>fecisse,</strong></span> 
     </span>
    </p>
   </div>
   <div class='ocr_carea' id='block_1_4' title="bbox 352 3713 1474 4302">
    <p class='ocr_par' dir='ltr' id='par_1_4' title="bbox 352 3713 1474 4302">
     <span class='ocr_line' id='line_1_31' title="bbox 403 3713 1473 3785; baseline 0.007 -19"><span class='ocrx_word' id='word_1_270' title='bbox 403 3713 644 3782; x_wconf 84' lang='lat' dir='ltr'><strong>3praetestantior</strong></span> <span class='ocrx_word' id='word_1_271' title='bbox 665 3715 692 3769; x_wconf 93' lang='lat' dir='ltr'><strong><em>V</em></strong></span> <span class='ocrx_word' id='word_1_272' title='bbox 716 3719 728 3785; x_wconf 83' lang='grc' dir='ltr'><strong>ΙΙ</strong></span> <span class='ocrx_word' id='word_1_273' title='bbox 756 3717 874 3770; x_wconf 86' lang='lat' dir='ltr'><strong>Turonas</strong></span> <span class='ocrx_word' id='word_1_274' title='bbox 896 3718 934 3772; x_wconf 82' lang='lat' dir='ltr'><strong><em>M</em></strong></span> <span class='ocrx_word' id='word_1_275' title='bbox 1004 3717 1156 3784; x_wconf 73' lang='lat' dir='ltr'><strong>5]&#39;embrosi</strong></span> <span class='ocrx_word' id='word_1_276' title='bbox 1184 3717 1222 3772; x_wconf 89' lang='lat' dir='ltr'><strong>V:</strong></span> <span class='ocrx_word' id='word_1_277' title='bbox 1250 3717 1378 3772; x_wconf 87' lang='lat' dir='ltr'><strong>ambrosii</strong></span> <span class='ocrx_word' id='word_1_278' title='bbox 1400 3718 1473 3774; x_wconf 62' lang='lat' dir='ltr'><strong>:ffb</strong></span> 
     </span>
     <span class='ocr_line' id='line_1_32' title="bbox 362 3799 1472 3872; baseline 0.005 -20"><span class='ocrx_word' id='word_1_279' title='bbox 362 3803 376 3868; x_wconf 75' lang='lat' dir='ltr'>u</span> <span class='ocrx_word' id='word_1_280' title='bbox 395 3799 442 3868; x_wconf 93' lang='lat' dir='ltr'><strong>qui</strong></span> <span class='ocrx_word' id='word_1_281' title='bbox 455 3799 486 3853; x_wconf 83' lang='lat' dir='ltr'><em>F</em></span> <span class='ocrx_word' id='word_1_282' title='bbox 497 3815 566 3853; x_wconf 85' lang='lat' dir='ltr'><strong>corr.</strong></span> <span class='ocrx_word' id='word_1_283' title='bbox 582 3806 660 3868; x_wconf 79' lang='lat' dir='ltr'><strong>eque</strong></span> <span class='ocrx_word' id='word_1_284' title='bbox 672 3808 705 3854; x_wconf 75' lang='lat' dir='ltr'><strong>ut</strong></span> <span class='ocrx_word' id='word_1_285' title='bbox 717 3802 830 3856; x_wconf 67' lang='lat' dir='ltr'><strong>uidem</strong></span> <span class='ocrx_word' id='word_1_286' title='bbox 900 3803 938 3860; x_wconf 91' lang='lat'><strong>10</strong></span> <span class='ocrx_word' id='word_1_287' title='bbox 954 3803 1044 3857; x_wconf 78' lang='lat' dir='ltr'><strong>fuisse.</strong></span> <span class='ocrx_word' id='word_1_288' title='bbox 1068 3806 1096 3856; x_wconf 87' lang='lat' dir='ltr'><strong>et</strong></span> <span class='ocrx_word' id='word_1_289' title='bbox 1116 3803 1300 3872; x_wconf 88' lang='lat' dir='ltr'><strong>postumianus</strong></span> <span class='ocrx_word' id='word_1_290' title='bbox 1318 3803 1408 3872; x_wconf 91' lang='lat' dir='ltr'><strong>inquit</strong></span> <span class='ocrx_word' id='word_1_291' title='bbox 1430 3803 1472 3858; x_wconf 75' lang='lat' dir='ltr'><strong>ita</strong></span> 
     </span>
     <span class='ocr_line' id='line_1_33' title="bbox 352 3884 1473 3958; baseline 0.003 -18"><span class='ocrx_word' id='word_1_292' title='bbox 352 3891 400 3940; x_wconf 78' lang='lat' dir='ltr'><strong>etc.</strong></span> <span class='ocrx_word' id='word_1_293' title='bbox 419 3885 445 3939; x_wconf 87' lang='lat' dir='ltr'><strong><em>V</em></strong></span> <span class='ocrx_word' id='word_1_294' title='bbox 500 3884 535 3940; x_wconf 90' lang='lat'><strong>11</strong></span> <span class='ocrx_word' id='word_1_295' title='bbox 554 3886 630 3952; x_wconf 86' lang='lat' dir='ltr'><strong>quasi</strong></span> <span class='ocrx_word' id='word_1_296' title='bbox 644 3885 710 3939; x_wconf 82' lang='lat' dir='ltr'><strong>AV:</strong></span> <span class='ocrx_word' id='word_1_297' title='bbox 728 3888 836 3956; x_wconf 85' lang='lat' dir='ltr'><strong>qniaF</strong></span> <span class='ocrx_word' id='word_1_298' title='bbox 853 3890 866 3956; x_wconf 75' lang='grc' dir='ltr'><strong>ΙΙ</strong></span> <span class='ocrx_word' id='word_1_299' title='bbox 881 3887 989 3942; x_wconf 89' lang='lat' dir='ltr'><strong>deodem</strong></span> <span class='ocrx_word' id='word_1_300' title='bbox 1002 3889 1038 3958; x_wconf 90' lang='lat' dir='ltr'><strong>V,</strong></span> <span class='ocrx_word' id='word_1_301' title='bbox 1056 3888 1270 3942; x_wconf 76' lang='lat' dir='ltr'><strong>exdeeoidem?</strong></span> <span class='ocrx_word' id='word_1_302' title='bbox 1320 3889 1356 3949; x_wconf 75' lang='lat'><strong>12</strong></span> <span class='ocrx_word' id='word_1_303' title='bbox 1374 3889 1473 3958; x_wconf 83' lang='lat' dir='ltr'><strong>quoad·</strong></span> 
     </span>
     <span class='ocr_line' id='line_1_34' title="bbox 352 3969 1472 4044; baseline 0.006 -22"><span class='ocrx_word' id='word_1_304' title='bbox 352 3985 435 4038; x_wconf 85' lang='lat' dir='ltr'><strong>nsque</strong></span> <span class='ocrx_word' id='word_1_305' title='bbox 460 3970 496 4024; x_wconf 89' lang='lat' dir='ltr'><strong>V:</strong></span> <span class='ocrx_word' id='word_1_306' title='bbox 513 3969 599 4038; x_wconf 86' lang='lat' dir='ltr'><strong>quoad</strong></span> <span class='ocrx_word' id='word_1_307' title='bbox 618 3971 690 4026; x_wconf 80' lang='lat' dir='ltr'><strong>AFo</strong></span> <span class='ocrx_word' id='word_1_308' title='bbox 759 3973 796 4030; x_wconf 86' lang='lat'><strong>13</strong></span> <span class='ocrx_word' id='word_1_309' title='bbox 813 3989 916 4043; x_wconf 87' lang='lat' dir='ltr'><strong>semper</strong></span> <span class='ocrx_word' id='word_1_310' title='bbox 937 3973 1030 4030; x_wconf 62' lang='grc' dir='ltr'><strong>ΜΒ</strong></span> <span class='ocrx_word' id='word_1_311' title='bbox 1100 3975 1135 4034; x_wconf 80' lang='grc'><strong>15</strong></span> <span class='ocrx_word' id='word_1_312' title='bbox 1154 3975 1236 4029; x_wconf 86' lang='lat' dir='ltr'><strong>audeo</strong></span> <span class='ocrx_word' id='word_1_313' title='bbox 1261 3975 1296 4030; x_wconf 89' lang='lat' dir='ltr'><strong>V:</strong></span> <span class='ocrx_word' id='word_1_314' title='bbox 1314 3991 1472 4044; x_wconf 82' lang='lat' dir='ltr'><strong>quemqnam</strong></span> 
     </span>
     <span class='ocr_line' id='line_1_35' title="bbox 353 4053 1473 4131; baseline 0.007 -24"><span class='ocrx_word' id='word_1_315' title='bbox 353 4053 454 4108; x_wconf 86' lang='lat' dir='ltr'><strong>audebo</strong></span> <span class='ocrx_word' id='word_1_316' title='bbox 465 4055 537 4110; x_wconf 71' lang='lat' dir='ltr'><strong>Are</strong></span> <span class='ocrx_word' id='word_1_317' title='bbox 601 4055 637 4112; x_wconf 90' lang='lat'><strong>16</strong></span> <span class='ocrx_word' id='word_1_318' title='bbox 654 4057 759 4112; x_wconf 78' lang='lat' dir='ltr'><strong>siriaA</strong></span> <span class='ocrx_word' id='word_1_319' title='bbox 781 4061 793 4127; x_wconf 80' lang='grc' dir='ltr'>Η</span> <span class='ocrx_word' id='word_1_320' title='bbox 816 4059 921 4128; x_wconf 83' lang='lat' dir='ltr'><strong>ethiops</strong></span> <span class='ocrx_word' id='word_1_321' title='bbox 936 4060 962 4114; x_wconf 94' lang='lat' dir='ltr'><strong><em>V</em></strong></span> <span class='ocrx_word' id='word_1_322' title='bbox 1023 4059 1059 4117; x_wconf 90' lang='lat'><strong>18</strong></span> <span class='ocrx_word' id='word_1_323' title='bbox 1077 4059 1196 4114; x_wconf 83' lang='lat' dir='ltr'><strong>bosforus</strong></span> <span class='ocrx_word' id='word_1_324' title='bbox 1213 4061 1299 4116; x_wconf 79' lang='lat' dir='ltr'><strong>AFV</strong></span> <span class='ocrx_word' id='word_1_325' title='bbox 1360 4061 1395 4118; x_wconf 89' lang='lat'><strong>19</strong></span> <span class='ocrx_word' id='word_1_326' title='bbox 1413 4061 1473 4131; x_wconf 80' lang='lat' dir='ltr'><strong>gla-</strong></span> 
     </span>
     <span class='ocr_line' id='line_1_36' title="bbox 352 4138 1473 4215; baseline 0.009 -23"><span class='ocrx_word' id='word_1_327' title='bbox 352 4138 447 4192; x_wconf 88' lang='lat' dir='ltr'><strong>tialem</strong></span> <span class='ocrx_word' id='word_1_328' title='bbox 458 4139 516 4192; x_wconf 83' lang='lat' dir='ltr'><strong>AF</strong></span> <span class='ocrx_word' id='word_1_329' title='bbox 580 4140 620 4197; x_wconf 79' lang='lat'><strong>20</strong></span> <span class='ocrx_word' id='word_1_330' title='bbox 635 4144 784 4196; x_wconf 83' lang='lat' dir='ltr'><strong>nostrornm</strong></span> <span class='ocrx_word' id='word_1_331' title='bbox 795 4145 823 4212; x_wconf 84' lang='lat' dir='ltr'><strong>(i.</strong></span> <span class='ocrx_word' id='word_1_332' title='bbox 838 4160 858 4197; x_wconf 81' lang='lat' dir='ltr'><strong>e.</strong></span> <span class='ocrx_word' id='word_1_333' title='bbox 871 4144 1075 4215; x_wconf 83' lang='lat' dir='ltr'><strong>Aquitanerum)</strong></span> <span class='ocrx_word' id='word_1_334' title='bbox 1085 4146 1184 4200; x_wconf 80' lang='lat' dir='ltr'><strong><em>AFV:</em></strong></span> <span class='ocrx_word' id='word_1_335' title='bbox 1202 4149 1351 4202; x_wconf 84' lang='lat' dir='ltr'><strong>uestrmum</strong></span> <span class='ocrx_word' id='word_1_336' title='bbox 1363 4147 1408 4211; x_wconf 87' lang='grc' dir='ltr'><strong>Μ,</strong></span> <span class='ocrx_word' id='word_1_337' title='bbox 1427 4164 1473 4202; x_wconf 88' lang='lat' dir='ltr'><strong>no·</strong></span> 
     </span>
     <span class='ocr_line' id='line_1_37' title="bbox 354 4225 1474 4302; baseline 0.011 -25"><span class='ocrx_word' id='word_1_338' title='bbox 354 4226 470 4278; x_wconf 65' lang='lat' dir='ltr'><strong>suarum</strong></span> <span class='ocrx_word' id='word_1_339' title='bbox 494 4225 529 4294; x_wconf 82' lang='lat' dir='ltr'><strong>Q,</strong></span> <span class='ocrx_word' id='word_1_340' title='bbox 547 4229 674 4282; x_wconf 84' lang='lat' dir='ltr'><strong>nostrae</strong></span> <span class='ocrx_word' id='word_1_341' title='bbox 746 4229 786 4286; x_wconf 78' lang='lat'><strong>24</strong></span> <span class='ocrx_word' id='word_1_342' title='bbox 803 4229 873 4284; x_wconf 83' lang='lat' dir='ltr'><strong>uitia</strong></span> <span class='ocrx_word' id='word_1_343' title='bbox 901 4231 1037 4284; x_wconf 83' lang='lat' dir='ltr'><strong>uenissent</strong></span> <span class='ocrx_word' id='word_1_344' title='bbox 1057 4231 1114 4285; x_wconf 88' lang='lat' dir='ltr'><strong>BV</strong></span> <span class='ocrx_word' id='word_1_345' title='bbox 1132 4233 1144 4300; x_wconf 78' lang='grc' dir='ltr'><strong>ΙΙ</strong></span> <span class='ocrx_word' id='word_1_346' title='bbox 1167 4247 1234 4300; x_wconf 89' lang='lat' dir='ltr'><strong>qnae</strong></span> <span class='ocrx_word' id='word_1_347' title='bbox 1259 4232 1294 4287; x_wconf 88' lang='lat' dir='ltr'><strong>V:</strong></span> <span class='ocrx_word' id='word_1_348' title='bbox 1313 4233 1381 4302; x_wconf 88' lang='lat' dir='ltr'><strong>quud</strong></span> <span class='ocrx_word' id='word_1_349' title='bbox 1401 4233 1474 4290; x_wconf 72' lang='lat' dir='ltr'><strong>Aua</strong></span> 
     </span>
    </p>
   </div>
   <div class='ocr_carea' id='block_1_5' title="bbox 353 4309 1474 4469">
    <p class='ocr_par' dir='ltr' id='par_1_5' title="bbox 353 4309 1474 4469">
     <span class='ocr_line' id='line_1_38' title="bbox 406 4309 1474 4386; baseline 0.007 -21"><span class='ocrx_word' id='word_1_350' title='bbox 406 4309 444 4365; x_wconf 76' lang='lat'><strong>27</strong></span> <span class='ocrx_word' id='word_1_351' title='bbox 462 4309 526 4363; x_wconf 82' lang='lat' dir='ltr'><strong>fides</strong></span> <span class='ocrx_word' id='word_1_352' title='bbox 547 4313 613 4366; x_wconf 90' lang='lat' dir='ltr'><strong>BV:</strong></span> <span class='ocrx_word' id='word_1_353' title='bbox 631 4312 778 4370; x_wconf 75' lang='lat' dir='ltr'><strong>fideiAFo</strong></span> <span class='ocrx_word' id='word_1_354' title='bbox 807 4317 820 4383; x_wconf 89' lang='grc' dir='ltr'><strong>ΙΙ</strong></span> <span class='ocrx_word' id='word_1_355' title='bbox 851 4316 998 4385; x_wconf 85' lang='lat' dir='ltr'><strong>euangeliis</strong></span> <span class='ocrx_word' id='word_1_356' title='bbox 1011 4317 1042 4370; x_wconf 93' lang='lat' dir='ltr'><strong>V:</strong></span> <span class='ocrx_word' id='word_1_357' title='bbox 1061 4317 1194 4386; x_wconf 85' lang='lat' dir='ltr'><strong>euangelii</strong></span> <span class='ocrx_word' id='word_1_358' title='bbox 1206 4319 1306 4374; x_wconf 81' lang='lat' dir='ltr'><strong>ABFo</strong></span> <span class='ocrx_word' id='word_1_359' title='bbox 1361 4319 1399 4376; x_wconf 81' lang='lat'><strong>29</strong></span> <span class='ocrx_word' id='word_1_360' title='bbox 1418 4319 1474 4373; x_wconf 85' lang='lat' dir='ltr'><strong>ista</strong></span> 
     </span>
     <span class='ocr_line' id='line_1_39' title="bbox 353 4393 806 4469; baseline 0.018 -22"><span class='ocrx_word' id='word_1_361' title='bbox 353 4393 447 4449; x_wconf 82' lang='lat' dir='ltr'><strong>fecisse</strong></span> <span class='ocrx_word' id='word_1_362' title='bbox 459 4411 511 4448; x_wconf 90' lang='lat' dir='ltr'><strong>non</strong></span> <span class='ocrx_word' id='word_1_363' title='bbox 523 4398 607 4452; x_wconf 84' lang='lat' dir='ltr'><strong>credit</strong></span> <span class='ocrx_word' id='word_1_364' title='bbox 619 4415 667 4453; x_wconf 78' lang='lat' dir='ltr'><strong>oni.</strong></span> <span class='ocrx_word' id='word_1_365' title='bbox 680 4399 711 4454; x_wconf 81' lang='lat' dir='ltr'><em>F</em></span> <span class='ocrx_word' id='word_1_366' title='bbox 715 4417 759 4469; x_wconf 83' lang='lat' dir='ltr'><strong>pr.</strong></span> <span class='ocrx_word' id='word_1_367' title='bbox 772 4417 806 4455; x_wconf 90' lang='lat' dir='ltr'><strong>m.</strong></span> 
     </span>
    </p>
   </div>
   <div class='ocr_carea' id='block_1_6' title="bbox 0 0 1669 5142">
    <p class='ocr_par' dir='ltr' id='par_1_6' title="bbox 0 0 1669 5142">
     <span class='ocr_line' id='line_1_40' title="bbox 0 0 1669 5142; baseline 0 0"><span class='ocrx_word' id='word_1_368' title='bbox 0 0 1669 5142; x_wconf 95' lang='lat' dir='ltr'><strong> </strong></span> 
     </span>
    </p>
   </div>
  </div>
 </body>
</html>
