3300 5142
685 539 757 609 Cap.
778 538 899 595 27—28.
1293 535 1355 599 123

224 701 341 765 tantur.
364 697 567 763 tauribolium
590 696 666 779 quid
691 696 743 762 uel
765 694 948 762 criobolium
974 694 1126 761 scelerata
1150 697 1181 760 te
1196 692 1356 777 sanguinis

225 802 294 868 labe
308 801 488 885 perfundit?
511 801 654 865 lauentur
667 800 772 881 itaque
787 799 891 863 sordes
905 798 984 864 istac
998 816 1076 880 quas
1091 796 1229 881 colligis:
1245 813 1355 879 quaere
1366 810 1407 871 28

225 906 324 971 fontes
350 906 514 988 ingenum,
538 921 649 985 qaaere
672 920 766 985 puros
792 902 943 984 liquores,
977 902 1013 967 nt
1027 901 1094 967 illic
1109 902 1141 966 te
1155 902 1225 984 post
1239 900 1355 964 multas

224 1009 362 1075 maculas
379 1027 449 1074 cum
465 1007 577 1091 spiritu
592 1007 698 1071 sancto
714 1005 830 1071 Christi
846 1006 972 1090 sanguis
987 1005 1173 1071 incandidet.
1198 1005 1356 1070 utentem

203 1113 351 1178 emiseras
377 1110 517 1177 homiues
543 1111 583 1175 ad
609 1128 717 1176 sanam
747 1111 883 1175 mentem
915 1092 1037 1175 ieuoeet
1067 1108 1158 1191 plena
1187 1107 1354 1191 persuasio,

223 1216 341 1281 maiore
355 1215 540 1280 auctoritate
555 1232 632 1298 opus
647 1217 709 1293 est,
733 1215 769 1279 ut
789 1214 904 1279 curatis
927 1233 963 1279 ac
983 1213 1099 1280 senatis
1114 1210 1269 1277 mentibus
1284 1212 1355 1277 nul-

223 1317 293 1382 lum
313 1318 521 1401 praecedentis
542 1318 733 1400 pestilentiae
748 1318 918 1403 uestigium
934 1317 1135 1400 relinquatur.
1161 1317 1236 1400 quid
1251 1316 1385 1398 itaquea

224 1421 287 1486 sint
301 1420 385 1486 idola
399 1422 450 1487 uel
464 1440 558 1503 quam
571 1422 708 1488 habeant
720 1421 936 1500 substantiam,
952 1422 1171 1505 prophetarum
1186 1439 1238 1485 ore
1252 1440 1287 1486 ac
1299 1419 1357 1484 Dei

224 1523 332 1589 diuina
345 1543 420 1590 uoce
434 1525 643 1590 monstratum
653 1526 715 1603 est,
731 1544 810 1607 qnae
825 1525 929 1591 omnia
944 1525 1116 1608 specialiter
1131 1524 1263 1590 (licenda
1274 1524 1356 1602 sunt,

189 1630 261 1693 seut
285 1628 343 1693 hoc
367 1647 428 1694 non
452 1630 557 1693 nostra
582 1629 761 1694 temeritate
782 1629 957 1711 prolatum,
980 1628 1034 1693 ssd
1048 1628 1160 1693 diuino
1175 1627 1356 1713 magisterio

222 1731 480 1798 nobiatraditum
501 1732 674 1798 caselensi
700 1736 893 1814 apaoseatar
917 1750 992 1798 uoce
1018 1733 1187 1815 signatum.
1211 1749 1289 1814 quae
1314 1731 1357 1794 sit

223 1835 400 1902 substantia
411 1852 526 1915 eorum,
539 1836 709 1918 sapientiae
721 1836 894 1902 ueneranda
908 1854 983 1903 uoce
997 1837 1198 1914 monstratur,
1215 1837 1260 1902 ait
1272 1836 1357 1899 caim

223 1939 361 2003 inlibris
383 1938 573 2005 Salomonis:
604 1934 745 2005 ‘omnia
766 1940 875 2006 idolo
897 1940 1100 2005 nationum
1122 1940 1356 2006 aestimans-

223 2042 431 2121 runtdeos,
454 2043 595 2125 quibus
616 2062 736 2126 neque
758 2044 958 2110 oculorum
979 2062 1071 2110 usus
1087 2044 1209 2109 estad
1224 2043 1356 2108 niden·

188 2143 314 2209 isdum
335 2164 455 2227 neque
488 2165 599 2211 nares
633 2148 677 2212 ad
711 2148 1006 2231 percipiendum
1029 2147 1211 2230 spiritum
1234 2164 1355 2229 neque

223 2266 335 2314 aures
358 2248 404 2314 ad
426 2249 659 2315 audiendum
688 2269 808 2332 neque
838 2250 959 2334 digiti
994 2269 1171 2316 manuum
1204 2250 1248 2315 ad
1276 2252 1354 2315 tra-

222 2352 419 2431 ctandum,
441 2354 506 2417 sed
528 2355 567 2418 et
587 2352 705 2435 pedes
726 2374 857 2419 eorum
877 2354 981 2437 pigri
1003 2352 1352 2419 adambulandum:

220 2455 328 2522 homo
352 2456 458 2520 enim
479 2457 576 2523 fecit
597 2457 694 2523 illos
716 2459 753 2524 et
774 2458 841 2539 qai
863 2458 1049 2542 spiritum
1070 2458 1272 2522 matuatus
1295 2458 1353 2521 cst

222 2558 365 2626 fincxit
386 2561 497 2628 illos:
534 2580 641 2627 nemo
668 2566 798 2626 actem
820 2562 897 2627 sibi
917 2561 1025 2628 homo
1058 2560 1206 2644 poterit
1237 2560 1352 2625 domi-

186 2682 309 2729 aonum
330 2665 505 2751 fingere,
529 2684 613 2732 cum
628 2667 682 2732 sit
697 2667 796 2732 enim
809 2664 1006 2744 mortalis,
1021 2663 1353 2748 mortunmfingit

220 2768 399 2833 manibus
430 2769 595 2852 iniquis:
631 2769 769 2834 melior
801 2770 860 2834 est
882 2771 1009 2836 autem
1041 2769 1102 2835 his
1125 2786 1218 2851 quos
1240 2768 1350 2846 colit,

221 2875 403 2953 quoniam
425 2872 577 2955 quidem
599 2873 682 2956 ipse
704 2872 826 2951 uicit,
850 2872 915 2937 illi
937 2861 1160 2955 numquam'
1194 2871 1270 2954 quid
1285 2890 1352 2936 am-

220 2976 303 3059 plius
324 2976 524 3058 quaerimus?
551 2975 707 3059 sapientia
737 2995 792 3042 nos
817 2976 924 3041 diuina
949 2994 1023 3041 uoce
1043 2976 1186 3041 conuenit
1212 2978 1244 3040 et
1265 2975 1352 3056 quio-

220 3080 299 3161 pcicl
318 3080 355 3144 in
376 3080 507 3145 arcanis
528 3079 587 3145 Dei
607 3079 729 3145 uiderat
749 3080 855 3146 docuit
876 3082 908 3145 et
928 3080 1009 3162 quod
1030 3082 1096 3145 erat
1116 3079 1242 3145 salubre
1263 3097 1351 3144 mon-

185 3208 210 3249 es
220 3184 343 3261 strauit,
364 3185 369 3266 Ι
387 3202 426 3249 nc
441 3182 563 3268 fragilis
578 3182 738 3249 etcaduca
752 3183 927 3249 mortalitas
943 3184 975 3249 in
996 3182 1126 3249 aritium
1153 3201 1244 3247 suum
1268 3200 1351 3247 mor·
1362 3200 1460 3245 rums.

221 3287 349 3368 temque
360 3287 543 3369 properaret.
568 3287 625 3351 hoc
639 3286 723 3352 idem
736 3286 770 3351 in
781 3287 917 3353 Psalmis
931 3286 1110 3370 praemonet
1124 3285 1252 3369 spiritus
1263 3304 1350 3352 sanc·
1362 3296 1379 3351 3

219 3388 287 3453 tus:
311 3388 487 3455 inuenimus
504 3391 586 3456 enim
602 3392 635 3457 in
649 3389 769 3475 psalmo
784 3390 951 3457 centesimo
964 3389 1121 3455 tricesimo
1136 3391 1168 3455 et
1182 3390 1291 3473 quarto
1306 3390 1352 3455 ita

220 3510 286 3559 esse
313 3494 534 3578 perscriptum:
570 3486 688 3560 ‘idola
716 3493 896 3579 gentium
918 3494 1123 3579 argentum
1144 3495 1182 3558 et
1202 3511 1349 3571 aurum,

218 3614 503 3681 opnsmanuum
517 3597 729 3664 hominum:
752 3616 794 3662 os
815 3597 959 3664 habent
982 3598 1103 3663 ctnon
1118 3597 1349 3681 loquuntur,

183 3699 353 3766 sacculos
385 3701 532 3767 habent
565 3703 602 3767 et
628 3718 702 3766 non
731 3700 884 3779 uident,
922 3720 1033 3766 aures
1056 3700 1198 3767 habent
1219 3702 1256 3765 et
1277 3717 1350 3766 non

218 3804 399 3883 audiunt,
435 3804 677 3887 nequeenim
699 3806 758 3870 est
779 3803 951 3886 spiritua
974 3808 1012 3870 in
1034 3822 1100 3871 ore
1121 3821 1262 3870 eorum:
1300 3804 1350 3867 si·

323 3993 360 4051 13
377 3992 499 4063 Sap15,
515 3992 634 4051 15-17.
688 3990 728 4049 28
746 3991 872 4056 Ps134,
887 3991 1006 4051 15-18.

268 4165 709 4223 ltsuribolumneloriboliuma
761 4163 965 4220 ilabcnturP
1015 4164 1177 4234 Senatui!
1197 4165 1349 4235 oreaodei]

215 4251 267 4305 ‘ita
278 4252 406 4323 lepeadac
417 4251 587 4307 uidebantur
598 4253 709 4306 litterae
719 4251 779 4318 sere
786 4266 906 4319 proretas
918 4252 1071 4306 satietates:
1091 4251 1121 4306 id
1137 4251 1210 4321 puocl
1227 4253 1349 4306 restituit

216 4336 257 4390 ed.
264 4338 357 4404 princ.
370 4337 487 4392 ‘oracula
498 4333 534 4392 ac'
549 4338 582 4392 in
594 4336 685 4392 codice
695 4337 831 4405 scriptum
842 4353 900 4392 aon
911 4338 998 4403 scisse
1010 4336 1146 4407 apparel?
1163 4336 1309 4391 Bursian

217 4421 255 4478 12
267 4436 358 4477 corum
368 4423 400 4477 θ.
410 4424 594 4478 Lachmann:
604 4440 673 4480 en.
686 4424 722 4492 P,
735 4423 860 4479 cinaedcl.
919 4424 955 4480 13
968 4422 1196 4477 extimaucrantP
1251 4422 1285 4479 19
1298 4422 1345 4476 hu-

213 4506 317 4562 minum
328 4509 429 4577 poterit
439 4509 575 4565 dominnm
587 4508 731 4565 formares
797 4510 1045 4571 25neP1neca
1112 4509 1148 4566 31
1167 4508 1268 4563 similes
1286 4512 1349 4563 aunt
