3300 5142
425 1265 1347 1370 erlsrt'elsecl'xun

595 1495 655 1561 AD
687 1491 910 1560 svumsl
940 1490 1173 1556 DIAOENOE

296 1659 310 1724 l
366 1629 682 1750 Preteaquamame
702 1683 790 1729 mane
810 1664 967 1748 digressus
986 1682 1034 1740 es,
1056 1682 1142 1726 eram
1161 1663 1297 1729 residere
1315 1663 1452 1728 aolnsin

324 1769 450 1848 cellula,
484 1769 678 1851 ambieratque
709 1786 758 1832 me
788 1767 846 1830 illa
877 1785 955 1848 qnae
988 1766 1108 1848 saepius
1139 1769 1268 1848 occupat
1288 1765 1450 1850 cogitatio,

323 1891 391 1956 spes
417 1871 592 1936 futurorum
617 1869 884 1955 praesentiumque
909 1868 1087 1945 fastidium,
1109 1869 1217 1934 iudicii
1242 1871 1361 1948 metus,
1384 1868 1490 1932 lor-⁵

324 1974 406 2040 mido
421 1991 601 2058 poenarum,
622 1975 669 2050 et,
692 1973 772 2056 qnod
792 1991 976 2054 consequens
996 1973 1063 2036 erat
1081 1971 1180 2054 adque
1199 1970 1280 2036 unde
1298 1971 1450 2056 cogitatio

323 2077 388 2142 tota
401 2076 610 2156 descenderat,
632 2077 825 2160 peccatorum
839 2093 978 2139 meorum
991 2075 1159 2138 recordatio
1173 2076 1296 2139 mntem
1309 2093 1360 2139 me
1374 2093 1450 2140 eon-

292 2178 495 2264 electumque
509 2179 691 2246 reddiderat.
712 2179 821 2244 deinde
841 2197 913 2242 cnm
933 2177 1065 2261 fatigata
1083 2178 1181 2242 animi
1199 2196 1311 2261 angore
1331 2178 1364 2242 in
1383 2178 1448 2243 lee-

320 2283 549 2350 tulo'membra
573 2283 757 2366 posuissem,
790 2283 828 2346 ut
851 2282 1030 2364 plerumque
1054 2300 1090 2345 en
1115 2281 1333 2346 mestitudine
1357 2281 1447 2360 solet,

321 2404 445 2452 sumnus
459 2385 594 2468 obrepsit
606 2424 645 2432 -
657 2385 711 2468 qui
726 2387 762 2449 ab
776 2402 896 2466 semper
909 2383 1072 2448 matutinis
1085 2383 1170 2448 horis
1183 2384 1281 2448 lenior
1294 2385 1446 2449 incertus-
1456 2405 1484 2443 m

320 2507 393 2572 que,
416 2489 461 2553 ita
475 2505 637 2570 suspensus
651 2507 687 2552 ac
701 2486 813 2552 dubius
827 2505 881 2568 per
893 2487 1033 2552 membra
1046 2487 1244 2564 diffunditur,
1266 2489 1302 2552 ut
1316 2482 1398 2570 qdod
1411 2487 1446 2552 in

292 2601 309 2656 o
321 2590 380 2656 alio
396 2608 500 2674 sopore
514 2609 574 2656 non
588 2590 705 2668 euenit,
721 2609 814 2672 paene
828 2590 962 2674 uigilans
976 2589 1109 2654 dormire
1121 2592 1154 2655 te
1168 2591 1282 2655 sentias
1293 2613 1351 2654 -ι
1373 2607 1446 2655 cum

323 2695 444 2778 repente
464 2695 603 2760 sensum
619 2693 788 2758 Martinam
808 2694 983 2775 episcopum
1003 2693 1107 2757 nidere
1121 2693 1199 2757 milui
1213 2691 1336 2772 uideor,
1356 2712 1445 2776 prae-

322 2797 441 2862 textum
455 2797 528 2882 toga
543 2795 684 2873 candida,
708 2796 798 2862 uultu
813 2796 917 2880 igneo,
938 2796 1133 2861 stellantibus
1147 2795 1258 2876 meilis,
1274 2796 1356 2861 crine
1369 2815 1444 2879 pur-

323 2917 429 2984 pureo:
452 2900 551 2984 adque
571 2899 616 2966 ita
635 2899 713 2964 mihi
734 2899 767 2964 in
787 2919 822 2964 ea
842 2899 1022 2965 habitudine
1037 2899 1169 2982 corporis
1188 2898 1361 2982 formaque,
1383 2919 1481 2982 quaa

322 3021 393 3070 eum
418 3021 576 3084 noueram,
600 3003 775 3081 uidebatur,
799 3005 849 3082 ut,
872 3003 951 3086 quod
977 3002 1078 3084 eloqui
1097 3002 1186 3068 nobis
1204 3021 1299 3084 paene
1318 3002 1446 3067 difficile

321 3107 383 3185 est,
416 3123 477 3172 non
501 3107 602 3190 posset
626 3106 736 3188 aspici,
770 3125 841 3171 cum
866 3107 967 3188 posset
991 3106 1123 3190 agnosci.
1146 3105 1347 3188 adridensque
1366 3106 1446 3170 mihi

322 3209 482 3291 paululum
497 3209 652 3289 libellum,
668 3229 760 3292 quem
773 3209 811 3274 ds
827 3209 893 3274 uita
906 3209 992 3273 illius
1006 3209 1200 3290 scripseram,
1221 3207 1345 3273 dextera
1357 3227 1445 3290 prae·

293 3311 447 3378 adorabat.
464 3331 519 3396 ego
535 3313 638 3378 saneta
652 3331 751 3396 genua
765 3313 831 3377 eius
846 3313 1007 3393 conplexus
1028 3311 1269 3376 benedictionem
1289 3313 1358 3393 [pro
1373 3330 1444 3376 con-

323 3415 497 3499 suetudine]
514 3413 707 3500 flagitabam,
730 3415 1012 3498 superpositamqne
1027 3415 1120 3497 capiti
1135 3433 1202 3479 meo
1218 3435 1344 3479 menum
1359 3416 1480 3479 tactum

323 3517 521 3582 blandissime
547 3517 728 3597 sentiebam,
762 3537 833 3582 cum
847 3517 927 3582 inter
941 3517 1158 3582 benedictionis
1179 3518 1273 3582 uerba
1286 3518 1446 3582 sollemnia

324 3619 475 3685 familiare
490 3619 569 3685 illud
583 3621 628 3684 ori
643 3639 696 3686 suo
712 3621 809 3686 crucis
824 3639 934 3686 nomen
948 3621 1081 3686 iteraret.
1098 3639 1168 3685 mor
1182 3621 1215 3686 in
1229 3639 1300 3685 enm
1315 3620 1443 3685 lumini-

323 3721 379 3788 bus
395 3721 535 3802 intentia,
559 3742 628 3788 cum
645 3724 785 3790 exsatiari
801 3723 891 3788 uultu
906 3724 991 3789 illius
1006 3725 1224 3807 conspectuque
1238 3741 1299 3788 non
1312 3741 1443 3806 possem,

375 3943 392 4000 3
412 3945 606 4000 Praemitlr'tur
617 3945 649 3998 irc
662 3945 720 4000 edd.
732 3944 865 4016 Sulpicius
877 3945 989 4000 Seuerus
997 3945 1104 4000 Aurelio
1115 3944 1225 4000 diacono
1238 3946 1361 4014 salutem,
1373 3963 1444 4015 quac

323 4030 422 4086 obsunt
443 4031 476 4086 ab
488 4031 573 4086 ΑΝ
637 4031 802 4101 deogu'tetio
822 4032 944 4102 AFQV:
968 4049 1045 4086 ome
1114 4032 1132 4089 8
1151 4048 1247 4102 angore
1267 4033 1351 4086 animi
1371 4031 1444 4086 AFo

377 4116 411 4172 11
431 4133 461 4171 ec
475 4117 568 4172 ΑΝ·
588 4120 642 4171 eto
713 4118 748 4174 13
766 4119 1083 4186 praetextatum2codd.
1102 4119 1183 4173 Giael.
1255 4120 1292 4179 15
1311 4118 1441 4173 ineaha-

325 4199 383 4254 bitu
400 4201 425 4256 V
445 4205 456 4270 Η
480 4201 563 4256 ferme
575 4202 628 4273 Fp
651 4204 662 4270 ΙΙ
686 4219 738 4272 que
750 4219 808 4256 eum
826 4203 860 4257 V:
873 4204 1027 4273 quaAFQ,
1046 4221 1152 4274 quamv
1205 4205 1241 4261 17
1259 4205 1346 4274 possit
1358 4205 1443 4274 aspici

325 4303 383 4342 curu
396 4289 479 4356 possit
493 4288 561 4344 Alb
614 4289 650 4346 18
668 4288 787 4342 dextrae
852 4289 1338 4361 1900np1e1usnFV:amp1e1usv
1360 4293 1372 4360 ΙΙ
1395 4307 1442 4360 pro

324 4373 570 4428 consuetudinem.
588 4375 614 4429 V
663 4375 702 4432 20
719 4377 821 4430 tectum
838 4376 1083 4432 blandissimumV
1131 4377 1169 4434 22
1182 4378 1344 4432 orchorr.
1359 4378 1442 4432 acori

377 4459 414 4516 23
433 4459 529 4528 possim
542 4461 625 4532 FQV

1636 2306 1640 2409 l
