3300 5142
575 516 653 572 Vita
669 512 695 568 S.
714 517 858 573 Martini
875 534 896 573 c.
915 517 996 578 5-7.
1284 517 1345 583 117

228 676 360 760 sbytero,
375 693 557 760 magnarum
568 673 724 740 uirtutum
738 674 814 740 uiro.
830 674 883 738 bic
896 672 1086 756 aliquamdiu
1099 670 1253 738 radicibus
1267 669 1348 737 uixit

227 777 408 844 herbarum:
424 795 483 861 quo
497 780 633 860 tempore
652 778 859 855 helleborum,
874 776 1073 854 uenenatum,
1088 776 1125 840 ut
1144 774 1260 853 ferunt,
1274 793 1346 859 gra

228 901 314 960 men,
336 881 370 946 in
392 881 495 946 cibum
515 881 656 963 sumpsit.
680 881 733 945 sed
762 899 833 944 cum
857 879 925 944 uim
945 878 1054 943 ueneni
1073 877 1107 943 in
1128 895 1159 942 se
1180 877 1375 968 grassantiw

226 985 330 1050 rricius
342 985 407 1049 iam
420 984 519 1049 morte
533 983 692 1062 sensisset,
714 983 879 1048 imminens
898 981 1069 1064 periculum
1087 980 1221 1044 oratione
1234 979 1348 1062 repulit

204 1087 395 1168 astatimque
409 1086 508 1151 omnis
523 1086 609 1151 dolor
622 1086 748 1171 fugatus
768 1087 823 1150 est.
845 1103 901 1150 nec
919 1084 1018 1150 multo
1040 1084 1124 1165 post,
1153 1101 1225 1147 cum
1243 1083 1374 1147 sanctor
1464 1148 1468 1157 ,

226 1189 347 1255 Hilario
388 1189 584 1271 comperisset
623 1191 705 1273 regis
746 1188 932 1271 paenitentia
971 1186 1154 1269 potestatem
1193 1185 1347 1250 indultam

226 1292 320 1357 fuisse
347 1291 509 1370 redeundi,
531 1291 645 1357 Romae
666 1292 694 1357 ci
716 1291 883 1374 temptauit
903 1307 1056 1355 occurrere
1076 1287 1288 1371 profectusque
1306 1286 1346 1353 ad

225 1395 333 1460 urbem
347 1396 404 1459 ost.

266 1496 345 1563 Oum
359 1497 422 1562 iam
437 1496 575 1562 Hilarius
590 1496 798 1579 praeterisset,
821 1496 868 1560 ita
887 1513 958 1560 eum
978 1495 1026 1559 est
1045 1492 1186 1578 uestigiis
1205 1500 1374 1576 promen-7

189 1602 291 1666 retus:
314 1617 443 1682 cumque
458 1600 496 1664 ab
512 1615 546 1664 eo
568 1600 742 1684 gratissime
763 1599 874 1664 fuisset
887 1599 1059 1680 susceptus,
1082 1597 1158 1662 haut
1177 1596 1267 1680 longe
1286 1593 1347 1660 sibi

224 1703 262 1768 ab
284 1703 394 1786 oppido
415 1703 635 1767 monasterium
657 1703 840 1779 conlocauit,
874 1720 934 1784 quo
960 1702 1096 1782 tempore
1116 1717 1150 1764 se
1169 1699 1198 1763 ei
1220 1696 1347 1780 quidam

224 1806 457 1871 catechumenus
471 1805 587 1884 iunxit,
608 1805 731 1888 cupiens
747 1804 933 1872 sanctissimi
947 1804 1008 1868 uiri
1022 1803 1144 1868 institui
1160 1801 1346 1883 disciplinis:
1458 1831 1463 1843 ·

221 1909 385 1992 paucisque
400 1908 588 1992 interpositis
608 1908 716 1973 diebus
737 1909 882 1992 languore
897 1908 1051 1989 correptus
1066 1905 1099 1970 ui
1114 1905 1246 1970 febrium
1259 1903 1345 1970 labo·

222 2013 319 2078 rabat.
342 2030 377 2076 ac
396 2013 465 2076 tum
486 2011 640 2076 Martinus
665 2011 743 2075 forte
763 2010 957 2076 discesserat:
991 2009 1023 2074 et
1044 2028 1115 2074 cum
1134 2025 1188 2090 per
1205 2007 1374 2073 triduumt

186 2141 212 2181 rs
221 2114 378 2192 defuisset,
390 2133 545 2198 regressus
556 2114 694 2179 exanime
705 2131 811 2196 cerpus
824 2113 957 2177 inuenit:
972 2113 1018 2176 ita
1028 2111 1131 2177 subita
1142 2129 1224 2175 mors
1235 2110 1345 2188 fuerat,

222 2219 258 2281 ut
272 2215 384 2298 absque
399 2217 584 2299 baptismate
604 2217 747 2281 humanis
767 2216 858 2280 rebus
877 2215 1041 2280 excederet.
1064 2233 1172 2296 corpus
1192 2213 1225 2278 in
1244 2211 1345 2277 medio

221 2319 356 2402 positum
378 2319 461 2384 tristi
483 2319 686 2384 maerentium
706 2318 838 2384 fratrum
863 2317 1112 2401 frequentabatur
1136 2315 1252 2394 officio,
1274 2332 1346 2379 cum

220 2422 372 2488 Martinus
391 2421 467 2487 flens
482 2424 513 2486 et
527 2413 645 2488 eiulans
664 2421 804 2486 accurrit.
827 2423 896 2487 tum
917 2439 988 2486 uero
1008 2421 1075 2485 tota
1094 2420 1234 2517 sanetum
1254 2415 1372 2499 epiri-3

222 2527 291 2589 tum
305 2527 408 2591 mente
423 2525 592 2607 concipiens
607 2525 710 2609 egredi
725 2525 884 2602 cellulam,
907 2525 941 2588 in
956 2542 1017 2606 que
1031 2541 1139 2605 corpus
1152 2521 1280 2599 iacebat,
1296 2537 1346 2585 ce·

186 2629 302 2695 eeteros
317 2627 417 2707 iubet,
440 2627 606 2694 actoribus
622 2628 769 2694 obseratis
784 2647 874 2710 super
894 2627 1066 2692 exanimata
1085 2625 1221 2691 defuncti
1240 2622 1345 2688 flebis

223 2729 361 2794 membra
370 2731 581 2812 prosternitur.
598 2734 714 2796 etcum
726 2731 917 2813 aliquamdiu
929 2729 1059 2794 orationi
1074 2728 1261 2794 incubuisset
1275 2745 1343 2792 seu·
1366 2757 1369 2764 ·

220 2831 368 2915 sissetque
388 2851 440 2914 per
461 2833 605 2915 spiritum
626 2833 751 2898 Domini
776 2835 880 2899 adesse
905 2833 1070 2910 uirtutem,
1093 2833 1209 2896 erectus
1232 2830 1343 2913 paullu-

220 2933 288 2999 lum
313 2937 344 3000 et
369 2934 402 3000 in
427 2935 562 3001 defuncti
588 2955 641 3000 ora
665 2935 795 3016 defixus,
818 2936 963 3001 orationis
983 2953 1054 3000 suae
1071 2954 1107 3000 ac
1120 2932 1343 2999 misericordiae

222 3036 347 3104 Domini
362 3037 532 3120 intrepidus
547 3040 725 3122 expectabat
739 3040 899 3104 euentum:
923 3039 1034 3121 uixque
1055 3038 1185 3102 duarum
1204 3036 1267 3100 fere
1286 3034 1342 3098 ho-

68 3147 70 3150 ’
186 3157 323 3207 ararum
338 3142 474 3224 spatium
489 3141 713 3220 intercesserat,
728 3142 814 3207 uidet
829 3142 1008 3208 defunctum
1027 3139 1177 3222 paulatim
1196 3137 1343 3203 membris

221 3243 362 3308 omnibus
376 3245 562 3309 commoneri
582 3247 614 3309 et
634 3245 743 3310 laxatis
759 3245 791 3310 in
806 3263 898 3341 usum
912 3243 1037 3309 uidendi
1051 3242 1201 3325 palpitare
1214 3240 1344 3306 lumini·

220 3344 286 3410 bus.
309 3348 378 3410 tum
392 3365 464 3412 uero
479 3366 591 3432 magna
605 3348 643 3412 ad
664 3347 833 3413 Dominum
847 3365 920 3413 uoce
935 3364 1095 3412 conuersus
1116 3346 1231 3430 gratias
1251 3349 1373 3430 agenst

271 3549 289 3607 2
308 3549 440 3605 eleborum
461 3552 505 3617 A,
540 3551 667 3605 eleborie
686 3551 707 3620 (i
728 3567 762 3606 ecc
782 3552 864 3620 corr.)
883 3551 915 3606 F
933 3552 945 3618 11
972 3551 1062 3605 ferunt
1081 3552 1112 3604 ut
1132 3552 1291 3605 uenenatum
1316 3549 1344 3604 A

270 3635 289 3694 3
306 3636 406 3708 cibum]
419 3637 483 3692 add.
496 3637 529 3692 in
540 3637 645 3692 ΡΜ
662 3653 740 3692 suum
802 3637 822 3694 4
840 3636 946 3707 pepulit
962 3637 990 3691 B
1051 3635 1343 3706 'fprofeetusfprofeo-

218 3724 287 3790 tusq.
301 3739 370 3777 corr.
382 3739 416 3778 m.
429 3724 460 3793 2)
472 3727 487 3776 e
499 3721 532 3777 ad
544 3722 636 3777 urbem
647 3723 679 3778 1⁴¹
726 3721 744 3780 9
763 3722 881 3791 Cumque
892 3723 947 3776 iam
957 3723 1003 3777 uel
1014 3721 1081 3779 Cum
1092 3738 1154 3776 uero
1165 3722 1277 3791 (autem)
1288 3720 1343 3775 ism

218 3807 281 3862 dett.
306 3809 318 3876 ΙΙ
341 3825 400 3862 enm
413 3825 426 3863 e
438 3809 554 3878 uestigio
566 3809 622 3863 cod.
637 3809 727 3864 Berol.
741 3807 885 3876 (Vorstii),
903 3825 962 3862 eum
974 3825 989 3861 e
1000 3808 1126 3878 uestigiis
1137 3810 1179 3862 est
1189 3823 1258 3876 pros
1271 3821 1342 3860 aen·

217 3895 291 3948 culli
299 3895 363 3948 febri
373 3893 505 3962 Gieelioi;
518 3901 688 3963 exspectares
695 3895 804 3962 potius:
817 3895 927 3948 itacius
938 3894 1056 3964 uestigia
1068 3898 1109 3948 est
1120 3911 1188 3964 pros.
1202 3894 1343 3950 Paulinus
1381 3954 1384 3957 ,

220 3980 310 4034 babet:
336 3981 407 4050 Ergo
419 3980 511 4050 legens
523 3995 679 4049 praegressa
690 3979 733 4049 pio
747 3979 866 4050 uestigia
877 3995 955 4034 cursu
976 3985 1023 4034 etc.
1091 3979 1130 4036 10
1140 3979 1343 4048 gratantissime

219 4052 302 4120 fuisse
313 4065 341 4118 A
394 4065 431 4122 12
449 4065 548 4120 instrui
562 4065 618 4122 cod.
632 4065 722 4120 Berol.
778 4065 815 4122 13
827 4065 920 4135 paucis
932 4064 1029 4135 quippe
1041 4065 1100 4120 AF
1117 4067 1130 4134 ΙΙ
1151 4068 1286 4135 correptus
1300 4069 1343 4121 est

219 4151 295 4218 (odd.
308 4167 341 4205 m.
355 4153 427 4219 2et)
439 4152 468 4205 ui
479 4151 510 4208 F
560 4152 597 4208 14
615 4153 644 4204 at
664 4152 723 4205 tum
735 4151 773 4204 M
790 4151 803 4218 11
824 4153 886 4221 pest
906 4151 1026 4205 triduum
1045 4150 1143 4204 fuisset
1161 4167 1297 4222 regressus
1308 4153 1347 4207 M

270 4237 306 4296 15
325 4237 444 4292 exanime
456 4253 550 4306 corpus
562 4237 665 4291 AFM:
684 4251 705 4290 e.
719 4237 838 4291 exanime
850 4255 866 4291 v
885 4238 898 4304 ll
918 4237 1007 4290 subito
1018 4237 1049 4291 F
1052 4252 1097 4304 pr.
1110 4253 1144 4291 m.
1193 4237 1230 4294 17
1244 4239 1304 4292 turn
1314 4237 1347 4293 F

219 4319 459 4379 morasmoras
480 4322 606 4392 spiritum
626 4322 700 4391 (spir.
722 4325 843 4376 sanctum
855 4321 896 4391 F)
908 4323 1010 4377 AFM:
1029 4323 1150 4376 sanctum
1169 4323 1232 4392 spir.
1250 4325 1343 4378 totae

268 4408 306 4464 22
325 4409 438 4479 erectus]
450 4409 493 4464 bie
505 4408 578 4463 redit
594 4408 621 4462 V
678 4407 877 4464 sternentem
889 4407 916 4461 A
976 4407 1015 4466 25
1034 4407 1108 4462 uidet
1119 4408 1253 4464 ABF¹V2
1271 4408 1342 4464 uidit

217 4491 248 4548 F
256 4507 324 4548 cerr.
339 4500 364 4549 et
375 4511 410 4562 o,
429 4498 457 4550 et
469 4494 540 4549 uidit
551 4495 608 4564 (uel
618 4509 679 4548 cnm
690 4493 771 4563 uidit)
784 4494 848 4550 dett.
859 4494 961 4562 μικρὴ
979 4500 1009 4548 at
1021 4512 1046 4549 u.
1066 4496 1163 4551 weron.
1179 4496 1203 4564 Ι,
1216 4498 1262 4563 38,
1275 4499 1300 4550 4.
