3300 5142
584 520 749 589 Dialogus
765 518 788 584 I,
806 519 926 580 23-25.
1250 523 1309 587 177

192 675 402 759 inpedimento
417 675 523 753 liberi,
546 675 629 741 caelo
654 676 779 740 tautum
804 675 904 758 adque
918 677 1035 759 augelis
1050 675 1198 754 testibus,
1221 675 1312 758 plane

192 777 390 843 admirabilia
414 778 560 842 docentur
585 778 719 860 operari:
752 778 813 843 iste
834 779 867 842 iu
886 779 988 844 medio
1003 780 1091 844 coetu
1105 780 1136 844 et
1150 786 1338 844 conuersa-3

190 881 274 946 tione
287 879 484 962 populorum,
507 880 588 945 inter
602 879 727 945 clericos
747 880 945 960 dissidentes,
967 882 1049 948 inter
1068 884 1223 966 episcopos
1243 899 1311 946 sae-

191 984 326 1061 uientes,
349 1002 419 1047 cum
434 981 497 1048 fere
512 983 674 1048 cotidianis
689 982 843 1048 scandalis
863 983 934 1048 binc
954 983 1053 1067 adque
1067 985 1137 1050 iude
1157 1004 1311 1067 premere-

168 1087 257 1163 stur,
278 1084 509 1168 inexpugnabili
522 1086 628 1150 tamen
642 1084 789 1150 aduersus
804 1087 907 1151 omnia
920 1087 1036 1151 uirtute
1056 1085 1203 1152 fimdatus
1223 1087 1311 1152 stetit

190 1190 222 1254 et
241 1189 330 1254 tauta
345 1190 486 1271 operatus
501 1187 563 1266 est,
585 1190 701 1270 quauta
719 1207 758 1253 ne
776 1188 826 1252 illi
846 1189 984 1270 quidem,
1008 1207 1082 1272 quos
1103 1189 1174 1254 aute
1188 1189 1310 1255 audiui-

189 1311 260 1356 mus
274 1309 340 1356 esse
353 1291 387 1355 iu
401 1307 502 1355 eremo
517 1290 568 1354 uel
582 1289 692 1368 fuisse,
715 1289 861 1356 lecerunt.
886 1310 921 1357 ac
942 1293 968 1357 si
988 1292 1036 1356 illi
1056 1293 1142 1374 paria
1156 1292 1340 1370 fecissent,4

189 1394 259 1477 quis
281 1393 372 1458 iudex
393 1395 461 1457 tem
482 1393 563 1458 esset
583 1392 732 1471 iniustus,
754 1395 791 1458 ut
810 1411 869 1462 101
887 1395 985 1460 istum
1000 1412 1065 1460 esse
1080 1395 1229 1478 potiorem
1244 1413 1310 1460 me-

189 1497 250 1562 rito
264 1495 437 1561 iudicaret?
457 1497 535 1578 puta
548 1497 631 1560 euim
650 1496 748 1562 istum
767 1495 864 1562 inisse
878 1496 1028 1576 militem,
1051 1499 1104 1580 qui
1125 1497 1310 1581 pugnauerit

152 1599 221 1664 rein
235 1599 340 1680 iniquo
354 1599 420 1663 loco
435 1600 587 1663 ettamen
600 1598 700 1664 uictor
720 1600 869 1677 suaserit,
892 1599 962 1664 illos
988 1600 1092 1665 eutem
1118 1618 1213 1683 aeque
1238 1619 1309 1665 con·

188 1719 264 1784 poue
278 1700 447 1778 militibus,
465 1701 519 1765 sed
534 1701 587 1781 qui
601 1720 638 1766 er
652 1719 748 1783 aequo
762 1701 828 1767 1000
844 1704 899 1766 aut
913 1702 1008 1768 etiam
1023 1702 1061 1767 de
1076 1703 1229 1786 superiore
1243 1721 1309 1766 cer-

187 1803 332 1868 taueriut.
361 1803 437 1884 quid
462 1805 557 1886 ergo?
578 1803 637 1868 etsi
657 1805 796 1869 omnium
816 1824 878 1870 una
892 1805 1023 1870 uictoria
1037 1806 1099 1882 est,
1121 1823 1181 1870 non
1206 1805 1336 1888 potestte

186 1907 325 1971 omnium
339 1925 405 1970 esse
419 1925 476 1989 per
490 1906 598 1989 gloria.
614 1907 720 1972 tamen
734 1925 805 1971 cum
816 1907 973 1990 praeclara
984 1907 1140 1984 retuleris,
1157 1908 1308 1972 anemius

186 2009 322 2074 retulisti
347 2009 506 2074 mortuum
530 2009 731 2073 suscitatum:
768 2026 828 2090 qno
843 2027 903 2074 uuo
917 2010 1025 2090 utique
1039 2029 1159 2074 necesse
1174 2011 1222 2074 est
1236 2028 1308 2075 con-

149 2111 267 2177 rsfiteri
292 2111 427 2176 Martius
450 2111 606 2176 nemiuem
631 2110 855 2177 conferendum.
884 2131 957 2177 nam
972 2113 999 2176 si
1013 2111 1228 2178 admirandum
1248 2114 1305 2191 est,
1318 2120 1357 2182 25

185 2213 266 2296 quod
279 2213 370 2278 illum
385 2214 578 2296 Aegyptium
601 2212 729 2279 11111111
751 2232 811 2278 101
838 2213 967 2297 adtigit,
989 2214 1041 2278 hic
1054 2231 1172 2297 quoque
1187 2214 1308 2296 saepius

183 2317 351 2398 imperauit
376 2315 533 2381 incenrfiis.
556 2316 583 2380 si
603 2315 745 2381 reuoluas
765 2316 846 2398 quod
867 2317 1056 2382 anachoretis
1070 2316 1177 2382 feritas
1191 2317 1308 2382 bestis-

183 2419 350 2484 rumuicta
361 2418 537 2496 succubuit,
564 2418 615 2483 hic
636 2417 833 2484 familiariter
849 2421 881 2484 et
891 2419 1009 2506 rabiem
1019 2419 1188 2484 bestiarum
1200 2421 1231 2484 et
1243 2437 1307 2484 ser·

182 2523 323 2604 pontium
337 2539 454 2586 ueueuu
469 2521 650 2602 conpescuit.
679 2521 788 2603 quodsi
801 2521 894 2586 illum
909 2521 1060 2600 conferas,
1084 2523 1136 2604 qui
1151 2523 1335 2594 inmundisn

148 2624 346 2708 suspiritibus
368 2623 506 2688 obsessos
532 2623 619 2688 uerbi
646 2624 776 2705 imperio
803 2625 968 2690 autetiam
982 2624 1175 2690 fimbriarum
1189 2625 1305 2691 uirtute

183 2726 329 2804 curabat,
350 2745 389 2791 ue
413 2727 447 2790 11
473 2726 532 2790 hae
557 2725 683 2808 quidem
708 2729 797 2809 parte
820 2727 996 2793 inferiorem
1015 2726 1110 2793 luisse
1136 2727 1306 2792 Martinum

182 2829 284 2894 multa
298 2830 482 2894 documenta
496 2830 577 2894 suut.
602 2829 629 2893 si
655 2829 751 2894 etiam
777 2830 818 2894 ad
843 2830 934 2895 illum
959 2849 1110 2907 recurras,
1133 2831 1186 2912 qui
1212 2830 1333 2904 saetis3

183 2931 248 2998 suis
274 2951 329 3014 pro
354 2933 442 2996 ueste
457 2932 613 2996 contectus
628 2932 797 3013 putubatur
811 2932 851 2996 ab
867 2932 984 3016 angelis
999 2933 1137 3012 nisibeni,
1160 2952 1230 2997 cum
1244 2933 1305 2996 isto

183 3035 285 3118 angeli
311 3035 423 3099 cotidie
448 3034 660 3116 loquebantur.
683 3035 748 3098 iam
762 3052 835 3098 uero
850 3033 996 3100 aduersus
1015 3035 1186 3100 namtatem
1207 3034 1334 3116 adqued

147 3162 174 3202 as
182 3137 364 3202 iactantiam
378 3137 424 3201 ita
437 3137 591 3201 inuictum
605 3136 751 3219 spiritum
765 3137 878 3220 gessit,
894 3139 930 3201 ut
941 3137 996 3202 ille
1007 3137 1086 3202 uitia
1096 3136 1206 3202 fortius
1216 3153 1305 3200 nemo

183 3239 416 3322 contempserit,
438 3259 509 3304 cum
535 3239 659 3322 quidem
683 3239 840 3303 inmundis
866 3239 1035 3323 spiritibus·
1047 3237 1174 3304 adflatos
1196 3237 1305 3304 ebsens
1360 3280 1367 3297 .

182 3341 363 3425 plerumque
387 3343 555 3421 curauerit,
578 3360 633 3407 nee
658 3341 758 3406 selum
784 3341 949 3406 comitibus
974 3344 1029 3406 aut
1052 3340 1227 3424 praefectis,
1251 3341 1304 3406 sed

181 3443 259 3526 ipsis
274 3444 370 3509 etiam
384 3444 510 3528 regibus
524 3445 699 3527 imperaret.
723 3443 888 3509 minimum
902 3445 935 3508 id
956 3443 1079 3525 quidem
1093 3444 1125 3509 11
1139 3443 1224 3508 illius
1239 3445 1305 3509 uir·

182 3546 323 3624 tutibus,
346 3547 400 3612 sed
415 3546 520 3612 credas
535 3547 646 3624 uelim,
668 3565 728 3611 nou
742 3546 842 3612 solum
857 3547 1004 3625 nouitati,
1025 3547 1078 3612 sed
1093 3547 1192 3611 causis
1208 3546 1302 3611 etiam

145 3650 281 3732 nadqne
295 3648 504 3715 occasionibus
524 3648 674 3714 uanitatis
693 3649 848 3714 neminem
862 3647 973 3716 sertim
988 3668 1181 3732 repugnasse.
1205 3667 1329 3732 paruas

180 3753 322 3834 quidem,
344 3751 398 3816 sed
412 3771 473 3818 nou
485 3752 708 3833 praetereunda
722 3751 861 3816 dicturus
875 3770 954 3828 sum,
970 3752 1042 3832 quia
1056 3754 1088 3817 et
1102 3750 1155 3816 ille
1169 3751 1299 3815 laudau-

179 3854 238 3920 dus
253 3856 316 3933 est,
340 3854 394 3936 qui
409 3873 532 3919 summa
545 3854 703 3937 praeditus
717 3854 869 3936 potestate
884 3856 949 3918 tam
964 3853 1140 3938 religiosam
1153 3854 1193 3918 ad
1211 3872 1299 3919 reue-

231 4057 448 4126 6uutclateB
467 4063 494 4110 ct
514 4057 577 4111 Ald.
662 4057 806 4127 dputoF
884 4055 1100 4113 10110111
1118 4057 1131 4124 ΙΙ
1154 4071 1251 4124 aequae
1276 4057 1303 4109 V

180 4143 216 4199 11
229 4141 270 4212 de]
283 4142 317 4196 ad
332 4142 359 4197 V
408 4143 445 4198 13
463 4143 579 4196 omnium
592 4157 648 4195 esso
657 4142 887 4197 BMV:omnium
900 4157 949 4196 om.
965 4141 1035 4197 Aldu
1053 4147 1061 4207 Ι
1079 4144 1167 4195 tamen
1177 4141 1300 4211 AFQV:

179 4229 339 4282 ettumeuo
409 4229 447 4284 14
464 4228 556 4296 utiquc
569 4227 607 4281 V:
631 4227 723 4296 utique
736 4230 764 4280 te
778 4229 851 4282 AFv
922 4227 959 4284 18
976 4227 1078 4281 raniem
1105 4227 1130 4281 V
1195 4227 1235 4284 20
1252 4229 1299 4280 aut

178 4312 301 4383 AFQV:
321 4329 351 4368 ac
365 4331 382 4366 o
432 4314 472 4369 22
488 4312 637 4367 decimenta
655 4313 707 4381 Vll
722 4312 804 4367 saetis
816 4313 885 4367 AV:
896 4313 960 4366 setis
974 4313 1018 4366 Fo
1069 4311 1303 4382 231111111111ἵ

231 4397 268 4453 27
289 4399 394 4452 curauit
409 4399 438 4452 V
485 4397 523 4456 28
532 4398 671 4467 imperarit
688 4399 727 4464 Β,
742 4399 960 4468 imperaueritM
971 4400 983 4467 ΙΙ
999 4397 1151 4453 illiusBV:
1161 4397 1218 4452 illis
1227 4399 1299 4452 Aue

230 4483 268 4540 29
287 4483 420 4538 nouitatis
433 4485 458 4538 V
