3300 5142
355 555 418 620 182
769 555 921 624 Sulpicii
943 555 1061 611 Seueri

356 710 499 785 emicare,
522 709 568 774 ita
587 710 623 774 ut
642 709 675 774 in
695 709 828 774 sublime
843 711 1025 776 contendens
1039 711 1166 794 longum
1182 711 1348 776 admodum
1363 709 1479 774 oriuem

326 811 482 880 uflumma
497 812 685 894 produceret.
708 813 740 875 ot
753 811 828 876 lieet
842 813 1036 890 celeberrimo
1051 813 1169 878 factum
1184 814 1234 878 die
1249 813 1281 877 iu
1295 831 1408 896 magua
1420 830 1478 894 po-

355 913 421 997 puli
435 914 635 978 multitudine
650 914 834 992 uiderimus,
849 935 909 980 unu
923 917 1045 981 teutmn
1061 915 1099 980 de
1113 915 1286 998 uirginibus
1301 917 1333 979 ot
1346 933 1424 979 unus
1438 914 1478 978 de

355 1017 557 1101 presbyteris,
572 1020 635 1080 tres
645 1017 769 1082 tanturm
779 1017 884 1082 uidero
898 1018 936 1082 de
950 1017 1126 1082 monachis:
1142 1017 1234 1083 ceteri
1250 1036 1303 1082 eur
1316 1034 1377 1082 nou
1390 1017 1478 1081 uide-

355 1120 434 1198 rint,
456 1119 954 1203 noupotestuostriesseiudioii.
1502 1143 1520 1182 s

327 1232 346 1287 3
399 1221 459 1286 Per
473 1222 555 1288 idem
569 1221 632 1286 fero
646 1223 767 1304 tempus
782 1243 854 1288 oum
864 1223 1037 1289 Euanthius
1049 1223 1218 1290 auunculus
1230 1241 1330 1301 meus,
1346 1223 1395 1288 uir
1405 1223 1480 1287 licet

357 1325 470 1390 saeculi
500 1325 632 1408 negotiis
662 1327 827 1407 occupatus
858 1326 1025 1393 admodum
1055 1327 1261 1403 Christianus,
1295 1326 1481 1410 grauissima

357 1427 549 1512 aegritudine
559 1429 693 1493 extremo
705 1430 815 1494 mortis
835 1429 967 1511 periculo
990 1431 1137 1514 eoepisset
1158 1430 1292 1514 urgueri,
1307 1429 1480 1494 Martinam

358 1533 507 1596 euocauit.
530 1549 586 1596 neo
610 1533 769 1596 ermetetue
795 1531 849 1598 ille
875 1534 1064 1616 properauit:
1088 1533 1173 1616 prius
1188 1534 1290 1597 umen
1305 1549 1396 1615 quam
1412 1549 1480 1596 me-

358 1634 445 1699 dium
470 1635 539 1699 uiae
562 1635 699 1717 spatium
725 1635 774 1700 uir
797 1635 906 1702 beatus
931 1637 1101 1712 euolueret‚
1124 1637 1274 1701 uirtutem
1289 1633 1481 1699 aduenientis
1493 1662 1522 1701 :o

357 1738 453 1802 sentit
477 1740 634 1821 aegrotus,
656 1741 836 1822 receptaque
862 1739 1004 1805 eontinuo
1030 1739 1163 1804 sanitato
1184 1736 1377 1803 uenientibus
1391 1736 1481 1801 nobis

327 1841 480 1908 dobuiam
495 1842 560 1924 ipse
573 1842 729 1924 prooessit.
752 1842 850 1907 alteru
875 1843 925 1907 die
945 1843 1044 1906 redire
1064 1843 1236 1924 cupientem
1259 1859 1371 1924 magua
1391 1857 1482 1922 prose

355 1944 472 2023 tenuit,
495 1962 564 2008 oum
578 1944 702 2008 interim
717 1964 813 2008 unum
828 1963 845 2008 e
860 1944 980 2010 familia
1003 1963 1130 2026 puerum
1156 1943 1243 2009 letali
1267 1945 1332 2008 iotu
1357 1961 1481 2024 serpeus

356 2046 502 2130 perculit:
536 2065 627 2129 quem
652 2047 716 2112 iarn
739 2047 910 2113 exanimem
936 2049 968 2112 ui
994 2048 1102 2113 ueneni
1127 2047 1192 2130 ipse
1215 2046 1387 2112 Euanthius
1414 2045 1479 2109 suis

355 2149 470 2214 umeris
483 2149 617 2214 inlatum
630 2150 702 2215 aute
716 2150 806 2232 pedes
828 2151 925 2216 saneti
946 2151 1021 2229 uiri,
1048 2150 1127 2215 nihil
1151 2149 1199 2214 illi
1213 2148 1390 2232 inpossibile
1405 2166 1478 2212 oon-
1490 2169 1515 2210 rs

356 2251 445 2330 iisne,
468 2253 615 2336 exposuit.
639 2254 761 2335 iamque
787 2271 819 2318 so
844 2254 961 2319 malum
985 2272 1107 2336 serpeus
1134 2273 1187 2336 per
1211 2253 1315 2316 omnia
1339 2250 1480 2316 membra

328 2354 536 2426 sdiffudorat:
559 2373 693 2420 cerneres
719 2356 860 2421 omnibus
889 2357 974 2422 uenis
1000 2355 1138 2422 inflatam
1162 2357 1265 2421 eutem
1286 2356 1318 2419 et
1332 2353 1378 2435 ssed
1399 2355 1479 2418 utris

356 2458 455 2522 instar
479 2459 566 2522 tonsa
590 2458 708 2522 uitalia.
742 2458 895 2524 Martinus
921 2460 1057 2540 porrecta
1082 2479 1190 2536 manu,
1224 2459 1365 2523 uniuersa
1391 2457 1479 2538 pueri

357 2559 496 2625 membra
520 2562 725 2642 pertractans,
748 2561 884 2644 digitum
908 2579 1001 2646 prope
1026 2563 1128 2644 ipsrnu
1153 2560 1387 2636 rumusculum,
1418 2577 1479 2640 quo

330 2661 457 2727 obestia
467 2662 553 2726 uirus
562 2661 727 2738 infuderat,
738 2663 815 2727 fixit.
830 2664 898 2728 tum
908 2666 1113 2730 nero-mira
1124 2665 1262 2730 dietums
1273 2662 1481 2728 sum—uidi·
1492 2681 1518 2724 so

358 2783 428 2830 mus
441 2783 590 2830 uenenum
606 2767 740 2830 exomni
754 2768 841 2848 parte
856 2769 1054 2848 prouocatum
1069 2769 1107 2832 ad
1122 2767 1249 2832 Martini
1270 2766 1404 2850 digitum
1426 2783 1481 2830 ou·

360 2868 504 2932 eurrisso:
521 2869 590 2932 dein
604 2888 658 2951 por
671 2869 750 2934 illud
764 2869 875 2934 ulceris
890 2869 1025 2936 foramen
1040 2873 1184 2954 exignum
1196 2871 1242 2935 ito
1255 2870 1339 2934 uirus
1351 2869 1482 2950 stipasse

360 2990 432 3035 cum
446 2972 607 3054 sanguiue,
629 2974 666 3036 ut
680 2972 758 3036 solet
771 2991 808 3038 eu
821 2972 966 3038 uberibus
987 2993 1147 3057 caprarum
1168 2975 1222 3037 aut
1247 2971 1351 3037 ouium
1376 2971 1482 3053 pasto-

333 3089 430 3144 srum
444 3091 537 3138 manu
551 3075 663 3156 pressis
677 3074 768 3158 longa
782 3076 863 3140 linea
878 3077 991 3158 copiosi
1006 3076 1094 3140 laetis
1109 3075 1240 3140 effluere.
1264 3093 1340 3157 puer
1351 3073 1483 3137 surrexit

360 3175 530 3240 incolumis.
553 3195 608 3241 uos
622 3177 825 3260 obstupefacti
841 3179 943 3243 tautae
964 3179 1006 3242 roi
1022 3178 1184 3255 miraculo,
1208 3177 1240 3242 id
1255 3176 1336 3258 qnod
1350 3177 1417 3257 ipsa
1432 3193 1483 3238 oo·
1493 3195 1519 3238 rs

361 3277 454 3360 gebat
468 3279 597 3358 ueritas,
613 3278 786 3344 fatebamur
799 3299 859 3346 nou
874 3299 938 3346 esse
954 3281 1010 3346 sub
1025 3281 1125 3358 caelo,
1141 3281 1194 3362 qui
1205 3279 1373 3344 Martinum
1386 3278 1484 3360 possit

361 3381 488 3446 imitari.

416 3655 432 3712 1
451 3654 625 3709 ronsoaudens
637 3655 671 3709 de
683 3657 772 3712 Proto
783 3673 845 3712 oum
856 3656 912 3712 cod.
924 3656 1025 3711 Vorstie'
1041 3659 1053 3724 ΙΙ
1069 3656 1177 3724 longum
1187 3669 1209 3708 a
1221 3654 1320 3708 crinem
1329 3654 1364 3707 V:
1377 3653 1484 3722 lougius

362 3743 459 3797 oollum
472 3741 622 3810 crinemque
633 3743 705 3797 Ano
767 3743 785 3800 2
803 3745 833 3796 ot
849 3742 883 3797 V:
902 3743 950 3796 hoo
962 3743 1033 3797 AFo
1082 3741 1114 3816 Ι3
1132 3740 1281 3794 uideremus
1298 3741 1324 3794 V
1343 3741 1355 3808 ΙΙ
1377 3742 1485 3793 tantum

362 3845 411 3882 om.
424 3827 456 3882 F
514 3827 534 3883 4
551 3844 602 3882 uon
615 3827 737 3882 uiderent
749 3828 775 3882 V
833 3827 851 3884 6
869 3827 1011 3882 euantbins
1020 3827 1077 3881 FV
1091 3828 1167 3895 (item
1180 3827 1296 3895 infra):‚
1306 3826 1429 3879 euantius
1443 3827 1486 3880 Au

374 3916 387 3982 ΙΙ
409 3914 452 3968 uir
464 3913 568 3967 sedicet
578 3913 609 3968 F
669 3915 686 3970 7
705 3914 845 3968 admodum
857 3914 924 3967 BV:
943 3915 1032 3967 tamen
1044 3912 1184 3966 admodum
1196 3911 1266 3966 Ano
1330 3911 1349 3967 8
1367 3913 1485 3965 extremo

364 4015 413 4054 om.
430 3999 456 4053 V
476 4001 489 4067 ΙΙ
507 3999 636 4068 eoepitF
687 4001 722 4057 11
741 4000 825 4054 sentit
841 4000 876 4054 V:
895 3999 979 4053 sensit
995 3997 1067 4054 Ano
1137 3997 1173 4055 12
1191 4013 1288 4068 magna
1300 4013 1359 4050 cum
1370 4013 1448 4066 prete
1465 3996 1491 4051 V

364 4100 434 4140 corr.
446 4087 514 4138 md
583 4085 620 4142 13
638 4085 727 4138 tenuit
737 4085 801 4138 ΒΜ
803 4085 838 4138 V:
857 4084 974 4138 detinuit
986 4083 1058 4140 Ano
1128 4083 1166 4140 14
1182 4100 1260 4152 quern
1278 4083 1331 4138 iam
1349 4083 1417 4138 AV:
1436 4099 1488 4152 quo

365 4169 420 4223 iam
440 4170 480 4235 F,
507 4171 633 4238 quoniam
658 4169 681 4240 Q
750 4169 786 4226 16
804 4170 912 4239 exponit
935 4169 962 4223 B
993 4172 1005 4238 ΙΙ
1036 4185 1142 4240 serpeus
1163 4169 1235 4224 BV:
1262 4167 1394 4237 serpentis
1415 4167 1489 4224 Ano

419 4254 455 4312 17
474 4255 508 4308 ed
520 4273 569 4310 om.
581 4256 653 4311 Fin
664 4271 781 4319 rasura,
807 4257 872 4309 item
884 4255 920 4309 M
987 4255 1023 4312 19
1041 4255 1205 4324 pertrecteus
1216 4255 1243 4308 A
1265 4256 1278 4322 ΙΙ
1300 4253 1490 4308 uulnusculum

365 4341 453 4412 ipsum
465 4342 492 4395 A
544 4341 583 4399 20
594 4341 712 4395 uidimus
724 4358 772 4395 ons
787 4340 817 4394 F
823 4357 867 4410 pr.
880 4357 913 4394 m.
967 4340 1004 4396 21
1017 4341 1188 4410 prouooatum
1204 4340 1239 4394 V:
1252 4341 1402 4394 reuocatum
1416 4339 1491 4396 AFv

416 4427 455 4482 22
472 4426 566 4481 deiude
582 4427 655 4481 AFe
685 4428 698 4494 11
728 4443 775 4496 per
792 4426 915 4481 Giselireo
927 4425 1071 4480 delendum
1084 4424 1231 4479 uidebatur
1253 4427 1265 4493 ΙΙ
1288 4423 1417 4493 serpsisse
1428 4424 1490 4480 Lu-

362 4513 436 4576 rius,
455 4512 575 4566 stillmse
587 4513 666 4568 leotrb
677 4514 761 4567 ouria
771 4514 804 4568 in
815 4512 873 4568 eod.
890 4512 991 4566 Veneto

594 4717 614 4760 Ι
