3300 5142
564 488 645 542 Vita
661 489 687 544 S.
705 489 848 544 Martini
866 505 885 543 c
905 488 1005 545 7-10.
1281 488 1342 552 119

221 644 337 710 mirum
348 643 381 708 in
391 644 518 710 modum
532 643 719 710 incredibilis
731 644 900 711 multitudo
915 661 976 709 non
989 644 1090 710 solum
1103 662 1139 708 en
1153 643 1208 707 illo
1222 641 1342 725 oppido,

222 748 275 812 sed
295 747 391 814 otiam
405 766 441 812 ox
455 747 566 813 uicinis
580 747 708 812 urbibus
722 747 761 812 ad
776 747 923 832 sutfragia
936 746 1059 812 ferenda
1072 747 1261 812 conuenerat.
1283 760 1372 816 unas

221 851 360 916 omnium
379 851 536 928 uoluntas,
563 850 667 916 eadem
687 853 760 916 uota
785 850 953 934 cademque
979 850 1143 928 sententia,
1172 847 1344 913 Martinum

221 953 412 1036 episcopatus
427 971 491 1018 esse
506 953 737 1038 dignissimum:
767 953 889 1018 felicem
908 952 973 1018 fore
992 953 1051 1018 tali
1070 951 1229 1017 ecclesiam
1243 968 1343 1015 sacer·

198 1056 301 1122 rdote.
324 1055 412 1138 pauci
427 1058 530 1120 tamon
544 1056 575 1120 ot
589 1055 727 1122 nonnulli
741 1075 777 1120 cn
797 1056 961 1139 episcopis,
976 1055 1030 1139 qni
1044 1054 1083 1119 ad
1098 1053 1344 1120 constituendum

222 1158 395 1224 antistitem
409 1157 530 1224 fuerent
544 1159 676 1237 euocati,
706 1159 801 1241 impis
815 1159 1040 1244 repugnabant,
1061 1158 1195 1223 dicentes
1216 1155 1343 1232 scilicet,

221 1261 484 1343 contemptibilem
504 1279 568 1326 osso
588 1279 763 1344 personam,
792 1261 955 1347 indignum
975 1280 1040 1326 esse
1054 1260 1228 1343 episcopatu
1241 1257 1343 1322 homi-

221 1382 292 1429 nem
306 1363 397 1430 uultu
412 1363 642 1446 despicabilem,
664 1368 750 1430 ueste
764 1364 936 1442 sordidum,
957 1365 1039 1448 crine
1054 1363 1230 1429 deformem.
1260 1361 1306 1438 ita
1325 1375 1372 1429 se

220 1466 331 1549 populo
347 1467 513 1532 sententiae
532 1466 661 1532 sanioris
683 1467 757 1532 haec
776 1466 902 1534 illorum
921 1467 1016 1532 inrisa
1031 1466 1184 1532 dementia
1198 1465 1259 1542 est,
1290 1463 1343 1546 qui

185 1591 212 1632 ιο
220 1569 384 1634 inlustrem
398 1570 501 1634 uirum
516 1569 591 1634 dnm
606 1570 779 1652 uituperare
793 1571 923 1652 cupiunt
936 1569 1159 1652 praedicabant.
1201 1586 1256 1632 nec
1271 1583 1343 1632 uero

219 1670 305 1736 aliud
320 1671 368 1736 his
383 1670 480 1736 facero
501 1671 605 1750 licuit,
622 1691 714 1754 quam
731 1673 813 1755 quod
833 1672 963 1754 populus
976 1672 1109 1737 Domino
1124 1671 1244 1737 uolente
1257 1669 1342 1752 cogi·

219 1774 315 1852 tabat.
347 1773 427 1840 inter
450 1775 604 1856 episcopos
624 1776 729 1840 tamen
754 1776 808 1858 qaut
831 1775 992 1842 adfuerant
1018 1775 1177 1858 praecipue
1197 1772 1343 1838 Defensor

219 1877 346 1960 quidam
367 1877 481 1942 dicitrrr
495 1878 659 1943 restitisse:
687 1878 766 1943 unde
780 1879 1027 1944 animaduersum
1041 1879 1089 1942 est
1102 1877 1238 1962 grauiter
1251 1876 1343 1940 illum

219 1981 350 2047 lectione
370 1980 547 2062 prophetica
567 1982 636 2046 tum
649 1981 800 2046 notatum.
830 2001 903 2046 nam
925 2001 997 2046 cum
1018 1981 1145 2046 fortuito
1166 1981 1277 2056 lector,
1293 1977 1371 2047 cuio

185 2083 340 2166 elegendi
354 2101 389 2146 eo
405 2082 454 2148 dio
468 2081 605 2150 officium
620 2085 701 2161 erat,
731 2084 914 2150 interclusus
929 2103 948 2148 a
961 2084 1072 2165 populo
1087 2082 1248 2159 defuisset,
1274 2082 1342 2144 tnr-

217 2185 299 2250 batis
313 2185 479 2262 ministris,
510 2185 584 2250 dum
604 2187 780 2268 expectatur
795 2185 849 2269 qui
867 2204 928 2252 non
946 2185 1066 2264 aderat,
1088 2204 1166 2249 unus
1181 2204 1197 2248 e
1211 2184 1342 2249 circnm-

218 2287 370 2352 stsntibus
385 2287 508 2370 sumpto
523 2287 684 2370 psalterio,
713 2307 804 2371 quem
820 2289 956 2370 primum
971 2307 1094 2353 uersum
1109 2287 1242 2364 inuenit,
1265 2284 1342 2350 ani-

218 2389 296 2473 puit.
318 2390 455 2474 psalmus
471 2391 576 2456 autem
590 2390 642 2455 hie
656 2391 736 2457 erat:
764 2410 805 2456 on
828 2409 889 2456 ore
909 2391 1123 2456 infantium
1137 2393 1175 2455 ot
1194 2390 1370 2455 lactan-o

216 2495 315 2559 tium
349 2492 554 2576 perfecisti
590 2494 741 2559 laudem
770 2497 927 2577 propter
955 2494 1135 2560 inimicos
1163 2495 1265 2570 tuos,
1301 2493 1343 2555 ut

182 2596 397 2662 acdestruas
426 2596 631 2662 inimicum
653 2598 689 2661 et
708 2597 959 2663 defensorem.
990 2597 1143 2680 quoleoto
1158 2596 1341 2676 clamorpo-

215 2699 282 2781 puli
296 2699 428 2778 tollitur,
450 2718 520 2782 pars
535 2699 657 2764 diuersa
670 2699 876 2766 confunditur.
892 2701 990 2783 sdque
1005 2701 1049 2766 ita
1063 2699 1206 2765 habitum
1220 2699 1277 2775 est,
1292 2697 1368 2764 ‹li-r

215 2801 287 2866 uino
309 2802 388 2866 nutu
407 2801 562 2884 psalmum
583 2803 664 2868 hrrnc
684 2803 800 2868 lectum
820 2802 930 2882 finisse,
960 2805 997 2869 ut
1014 2802 1227 2868 testimonium
1242 2798 1341 2883 operis

215 2902 264 2968 sui
279 2902 426 2968 Defensor
440 2903 576 2984 audiret,
601 2905 655 2987 qui
670 2924 705 2969 en
720 2923 771 2970 ore
785 2905 953 2970 infantium
977 2905 1075 2989 adque
1089 2905 1283 2980 lactantium,
1309 2902 1342 2966 in

215 3006 349 3072 Martino
364 3007 491 3072 Domini
505 3007 595 3072 laude
610 3007 758 3089 perfecta,
784 3009 814 3073 et
829 3012 967 3074 ostensus
982 3009 1098 3091 pariter
1116 3008 1148 3071 et
1167 3005 1341 3070 destructus

182 3127 206 3170 aa
215 3113 295 3174 esset
310 3109 463 3175 inimicus.
1350 3119 1385 3165 θ

257 3212 326 3276 Iam
351 3230 422 3276 uero
448 3213 571 3294 sumpto
598 3213 773 3295 episcopatu
796 3214 919 3296 qualem
938 3232 971 3278 se
991 3215 1198 3297 quantumque
1212 3211 1394 3296 praesti-10

215 3313 304 3391 terit,
333 3332 393 3379 non
418 3316 465 3378 ost
489 3315 610 3380 nostrae
634 3314 791 3382 facultatis
817 3317 965 3381 euoluere.
989 3317 1071 3381 idom
1093 3316 1175 3380 enim
1201 3317 1341 3381 constan·

216 3416 336 3481 tissime
350 3417 562 3499 perseuerabat
577 3417 630 3501 qui
645 3417 729 3500 prius
745 3418 854 3484 fuerat.
887 3419 992 3484 eadem
1006 3419 1040 3484 in
1054 3419 1142 3484 cordo
1156 3418 1222 3484 eius
1236 3418 1371 3487 humi-2

319 3602 511 3672 fflffl&b

266 3757 479 3814 renueremus
499 3757 584 3812 ΑΒΕ
648 3759 668 3814 4
686 3759 853 3828 episcopatus
869 3758 904 3812 V:
923 3757 1076 3829 episcopatu
1096 3759 1140 3829 (—
1152 3760 1185 3812 td
1195 3759 1234 3827 A)
1253 3757 1341 3824 AFo3

215 3843 250 3910 cf.
260 3859 290 3912 p.
305 3847 367 3912 109,
381 3847 399 3897 6
420 3845 433 3912 11
456 3843 561 3897 felicem
573 3859 621 3897 om.
635 3844 663 3897 A
670 3861 715 3913 pr.
726 3861 759 3898 m.
825 3843 845 3900 8
862 3844 1051 3914 despicabilem
1071 3845 1102 3898 F
1118 3843 1166 3898 sed
1182 3844 1289 3912 purtim
1309 3843 1342 3896 fn

214 3943 318 3983 recuro
328 3931 348 3982 2
359 3945 392 3982 m.
406 3927 591 4000 dispicabilem
605 3927 659 3998 QV
709 3930 744 3986 11
758 3929 896 4000 cogitabat
909 3931 966 3984 Vct
975 3929 1032 3984 cod.
1039 3930 1135 3985 Lorii:
1148 3927 1261 3998 cogebat
1269 3928 1342 3982 AFo

268 4013 305 4070 13
323 4014 432 4084 quidam
443 4015 546 4070 BMV:
577 4015 681 4068 nomine
694 4015 801 4084 quidam
814 4017 854 4081 A,
883 4015 992 4084 qnidam
1003 4015 1108 4069 nomine
1119 4014 1164 4069 Fe
1185 4016 1198 4083 u
1219 4014 1341 4083 grauiter

214 4099 293 4154 illum
304 4115 353 4154 om.
372 4100 397 4156 V
460 4100 497 4156 14
514 4102 572 4154 tum
589 4099 624 4154 V:
642 4102 706 4154 tunc
717 4101 789 4156 AFc
811 4103 823 4169 ff
845 4101 960 4155 fortuitu
972 4097 1091 4155 ΑΒΓΜ
1151 4101 1188 4158 15
1206 4116 1236 4154 eo
1247 4099 1291 4154 dic
1302 4099 1341 4154 le-

213 4183 295 4254 gendi
306 4185 334 4238 A
404 4183 441 4242 18
459 4185 504 4240 hic
515 4201 563 4240 ora
577 4202 594 4240 o
615 4188 628 4255 u
649 4185 809 4240 lactentium
821 4186 921 4257 F¹QV
929 4189 1004 4255 (itera
1016 4185 1097 4252 infra
1107 4203 1134 4241 o.
1147 4189 1214 4253 23).·
1241 4185 1341 4240 lacten·

214 4269 284 4324 tium
305 4271 348 4324 Ao
369 4276 394 4325 et
414 4287 482 4325 corr.
502 4271 533 4324 F
598 4270 635 4328 21
653 4287 715 4340 pars
728 4271 841 4325 aduersa
851 4273 918 4327 ΒΜ
981 4271 1019 4328 23
1037 4271 1084 4340 qui
1096 4271 1174 4326 MV:
1193 4272 1258 4341 quia
1268 4271 1342 4325 AFo

225 4357 238 4424 ΙΙ
261 4357 289 4410 ct
301 4357 328 4410 A
350 4357 362 4425 ΙΙ
384 4355 542 4410 lactentium
555 4355 599 4412 Ao
662 4357 700 4413 24
718 4359 759 4410 est
770 4357 835 4426 (pro
846 4358 885 4426 ot)
895 4360 1017 4411 ostensas
1033 4357 1059 4413 V
1124 4357 1163 4417 25
1181 4359 1252 4412 essct
1263 4355 1340 4412 MV:

208 4442 259 4538 ¹ost
269 4439 341 4495 AFo
396 4441 435 4500 28
453 4441 544 4495 eadem
556 4442 585 4495 in
598 4441 674 4496 corde
686 4441 828 4496 humilitas
840 4459 889 4497 ora.
907 4442 943 4512 V,
961 4442 1081 4498 elusone
1094 4443 1131 4497 M
