3300 5142
320 536 382 602 148
741 537 1025 608 Sulpiciiseueri

317 691 363 756 ita
376 709 468 777 grege
483 690 563 758 fecto
578 709 682 759 omues
697 693 731 759 in
745 713 843 760 unum
856 694 930 760 illae
943 693 1083 758 uolucres
1097 689 1313 774 mugregstee,
1338 683 1445 750 relicto

317 793 459 874 flumine,
481 797 600 860 montes
615 797 770 879 siluasque
783 796 953 880 petierunt,
974 813 1035 862 nou
1054 795 1121 860 sine
1139 790 1342 858 admiratione
1359 787 1444 854 mul-

317 897 436 977 torum,
458 899 511 980 qui
526 899 644 964 uotam
665 900 698 964 in
717 900 851 966 Mutine
866 901 1015 966 uirtutem
1034 897 1192 974 uiderent,
1214 895 1251 960 ut
1264 894 1360 958 etism
1373 890 1443 956 sui-

290 999 375 1066 obus
405 983 780 1084 imperaretieliquaudiu
804 1021 876 1087 ergo
896 1004 930 1069 in
949 1003 1017 1068 uico
1042 1001 1098 1066 illo
1119 999 1171 1066 nel
1191 999 1225 1064 in
1237 995 1380 1073 ecclesis,
1402 994 1443 1058 ad

317 1121 411 1186 quam
425 1103 517 1182 ierat,
538 1106 758 1185 commoratus,
779 1125 854 1188 pace
878 1107 960 1172 inter
978 1105 1103 1171 elericos
1129 1101 1274 1168 restituta
1293 1118 1366 1164 cum
1379 1097 1444 1162 mm
1466 1123 1481 1164 ι

316 1205 436 1290 regredi
450 1206 489 1270 sd
504 1208 724 1274 monasterium
739 1210 903 1294 cogitaret,
923 1208 1043 1274 uiribus
1057 1205 1191 1289 corperis
1204 1202 1305 1286 coepit
1318 1201 1442 1283 repente

268 1308 308 1364 10
318 1307 461 1388 destitui,
476 1311 706 1394 couuccetisque
721 1311 870 1378 fratribus
883 1311 999 1377 indicet
1013 1330 1045 1375 se
1064 1310 1128 1374 iem
1141 1306 1263 1373 resolui.
1286 1307 1360 1370 tunc
1373 1319 1446 1370 nero

318 1428 435 1478 maeror
460 1413 492 1476 et
515 1413 617 1480 luctus
643 1416 783 1481 omnium
809 1417 841 1482 et
868 1434 928 1481 nex
958 1433 1020 1480 uns
1043 1411 1271 1497 plangentium:
1299 1426 1354 1473 cur
1377 1424 1443 1483 uos,

317 1515 418 1597 pater,
440 1515 575 1582 deseris?
597 1519 652 1584 aut
666 1519 716 1584 eui
730 1537 785 1584 nos
800 1519 950 1585 desolatos
965 1517 1134 1600 relinquis?
1155 1513 1303 1579 inundent
1316 1528 1445 1595 gregem

317 1619 408 1682 tuum
432 1618 499 1701 lupi
526 1637 664 1702 rapaces:
687 1622 756 1705 quis
769 1639 824 1687 nos
844 1641 863 1686 a
882 1621 1035 1687 morsibus
1049 1638 1156 1686 eorum
1169 1632 1310 1700 percusso
1323 1615 1484 1697 pastorem

317 1721 512 1803 prohibebit?
533 1723 648 1788 scimus
673 1724 799 1807 quidem
824 1725 995 1790 desiderare
1018 1724 1051 1788 te
1076 1721 1250 1798 Christum,
1278 1717 1332 1783 sed
1357 1716 1446 1781 salua

317 1823 376 1888 tibi
391 1825 462 1890 sunt
476 1827 531 1892 tua
543 1826 680 1908 proemia
692 1847 749 1892 uec
762 1828 861 1894 dilata
874 1828 1067 1894 minuentur:
1095 1826 1192 1892 nostri
1216 1822 1320 1905 potius
1344 1820 1440 1884 miso-

268 1935 397 2006 urere,
420 1944 494 2010 quos
515 1929 636 1994 doeens.
660 1933 734 1996 tunc
754 1931 808 1996 ille
828 1932 931 1995 motus
952 1930 1002 1994 bis
1021 1929 1160 2006 fletibus,
1175 1928 1212 1991 ut
1225 1927 1310 1990 totus
1323 1940 1445 2004 sempor

317 2029 351 2093 in
375 2029 506 2095 Domino
531 2032 755 2098 misericordiae
779 2033 949 2099 uisceribus
972 2031 1121 2110 atrebat,
1141 2030 1317 2095 bcnnrasse
1335 2025 1441 2110 perbi-

317 2131 422 2197 betur:
444 2151 665 2218 conuersusque
679 2137 719 2202 ad
732 2137 901 2202 Dominum
914 2137 973 2201 hac
990 2137 1113 2200 mutum
1132 2133 1277 2198 flentibus
1297 2148 1370 2195 uoce
1389 2147 1440 2193 re-
1450 2147 1478 2190 ιι

318 2236 456 2318 spondit:
476 2237 623 2318 Domine,
649 2239 676 2304 si
696 2239 796 2304 adhuc
809 2239 920 2322 populo
940 2241 994 2303 tuo
1009 2257 1079 2302 sum
1092 2235 1294 2312 necessarius,
1316 2251 1377 2298 nou
1390 2250 1441 2296 re·

268 2338 308 2394 12
318 2356 389 2404 cuso
404 2339 554 2406 laborem:
576 2341 631 2406 fiat
650 2342 792 2407 uoluntas
811 2315 1047 2448 tus.(nimirum
1061 2341 1142 2406 inter
1156 2357 1242 2420 spem
1255 2352 1442 2401 maerorem·

318 2460 376 2525 que
385 2444 502 2525 positus
514 2443 670 2510 dubitent
683 2463 776 2527 paene
790 2443 866 2527 quid
876 2443 993 2522 mallet,
1008 2443 1081 2525 quie
1094 2461 1150 2508 nec
1163 2441 1219 2505 bes
1233 2442 1369 2505 deserere
1382 2455 1440 2504 uec

281 2629 283 2634 ι
318 2543 471 2610 eObristo
486 2545 608 2611 uolebat
622 2547 740 2612 diutius
755 2546 896 2630 separari.
917 2546 998 2612 nihil
1007 2547 1111 2612 tamen
1125 2546 1158 2610 in
1171 2545 1244 2609 neto
1258 2561 1313 2608 suo
1326 2559 1441 2624 ponens

318 2649 373 2712 aut
397 2647 550 2714 uoluntati
576 2650 763 2732 relinquens,
786 2651 889 2715 totunn
907 2669 940 2715 se
953 2649 1080 2714 Domini
1094 2647 1222 2714 arbitrio
1235 2644 1441 2729 potestatique
1449 2659 1479 2702 ro

270 2749 308 2806 13
319 2749 528 2831 committens,
550 2752 595 2818 sie
608 2753 707 2819 orauit
721 2753 841 2820 diceus:
863 2754 968 2838 grauis
991 2753 1116 2836 quidem
1130 2752 1192 2829 est,
1213 2749 1355 2826 Domine,
1373 2765 1442 2812 eor·

318 2870 408 2935 poree
420 2873 524 2938 pugna
537 2855 668 2922 militiae
682 2859 714 2922 et
727 2856 791 2921 iam
806 2857 881 2922 satis
895 2857 957 2936 est,
972 2857 1053 2940 quod
1067 2855 1223 2936 bucusque
1235 2851 1367 2918 certaui:
1382 2851 1438 2916 sed

318 2955 346 3021 si
360 2956 458 3022 adbuc
472 2956 505 3022 in
519 2957 624 3023 eedem
638 2959 740 3024 labore
755 2977 809 3042 pro
824 2961 932 3025 cesuis
951 2959 1015 3024 tuis
1034 2959 1115 3024 stare
1129 2975 1179 3022 me
1192 2956 1356 3039 praecipis,
1378 2971 1441 3019 uon

317 3078 422 3125 recuso
441 3079 498 3126 uec
517 3059 710 3127 fatiscentem
724 3063 869 3128 causabor
889 3063 1032 3128 aetatem.
1054 3060 1162 3126 munia
1174 3061 1229 3124 tun
1242 3058 1372 3124 deuotus
1386 3057 1436 3121 in-

317 3162 422 3244 plebo,
455 3163 512 3228 sub
537 3164 634 3248 signis
658 3165 737 3245 tuis,
770 3165 965 3248 quoadusque
984 3165 1050 3247 ipse
1069 3164 1105 3228 tu
1124 3162 1265 3239 iusseris,
1287 3159 1479 3226 militabas:

318 3267 350 3328 et
364 3265 505 3348 quamuis
519 3269 624 3350 optata
637 3267 679 3332 sit
693 3267 757 3334 seni
771 3268 912 3334 remissio
925 3269 996 3350 post
1008 3266 1159 3344 laborem,
1181 3266 1229 3330 est
1248 3265 1351 3330 umen
1371 3262 1440 3328 aui-

319 3385 388 3433 mus
412 3367 513 3435 uictor
536 3388 683 3436 annorum
708 3371 739 3436 et
764 3371 869 3437 cedere
898 3370 1018 3436 nescius
1048 3368 1206 3434 senectuti.
1234 3367 1342 3452 quodsi
1374 3365 1440 3431 iam

370 3643 564 3701 3uiderintV
623 3645 767 3702 idistitui
784 3646 843 3702 FV
859 3649 872 3716 ΙΙ
891 3647 1020 3702 fratribus
1036 3646 1072 3700 V:
1089 3643 1228 3714 discipulis
1239 3643 1313 3698 Ano
1338 3642 1352 3709 11
1382 3641 1443 3694 tum

318 3729 390 3784 Ano
406 3731 419 3798 ΙΙ
434 3745 496 3784 uero
507 3731 595 3785 luctus
607 3731 661 3800 (luc
673 3733 704 3788 iu
717 3735 783 3802 rae.)
795 3749 817 3788 o.
836 3733 863 3788 V
895 3733 951 3790 8et
959 3749 1009 3786 uox
1022 3732 1057 3787 V:
1067 3748 1117 3786 uox
1125 3731 1197 3786 Ano
1239 3725 1447 3795 9relinquesV

372 3815 409 3872 10
426 3815 486 3886 quis
506 3831 553 3870 nos
575 3833 591 3870 a
611 3818 742 3872 morsibus
763 3835 854 3873 eorum
880 3819 915 3873 V:
943 3821 971 3872 ct
987 3818 1046 3887 quis
1058 3833 1101 3871 eos
1119 3833 1136 3871 a
1155 3815 1288 3870 morsibus
1298 3811 1442 3884 (mortibus

319 3901 411 3972 ΔΕΘ)
422 3901 520 3958 nostris
532 3903 629 3973 supe
681 3904 718 3961 12
736 3905 776 3960 ibi
787 3905 828 3973 1⁴⁷,
846 3905 894 3960 aed
904 3905 1018 3958 cudetur
1029 3905 1079 3958 litt.
1093 3909 1159 3958 cm
1170 3903 1181 3956 i
1192 3917 1272 3976 naeu
1291 3901 1303 3968 ΙΙ
1322 3898 1445 3952 minuen-

317 3988 440 4043 turAF:
454 3989 576 4044 inuentor
591 3990 617 4044 V
668 3991 704 4046 17
722 4006 917 4060 maeroremque
933 3991 969 4045 V:
981 4004 1147 4058 amoremque
1159 3988 1231 4042 AFo
1284 3983 1321 4043 18
1337 3999 1440 4053 poenae

320 4073 384 4143 quid
403 4075 492 4129 mallit
509 4075 535 4129 V
599 4076 636 4133 21
655 4075 789 4130 commisit
801 4076 906 4130 Iasiae
917 4083 943 4130 et
954 4077 990 4129 M
1010 4077 1022 4144 ΙΙ
1045 4075 1084 4128 sic
1094 4074 1183 4128 orauit
1193 4073 1283 4140 dicens
1298 4071 1333 4126 V:
1351 4085 1440 4122 nonne

317 4159 371 4214 tibi
381 4159 425 4214 bis
436 4161 603 4230 paucissimis
614 4161 704 4216 uerbis
715 4161 801 4214 dicere
812 4160 920 4216 uidetur
930 4162 987 4216 rell.
1001 4159 1077 4215 codd.
1090 4161 1150 4214 aeti
1161 4165 1188 4213 et
1199 4159 1258 4214 edd.
1280 4159 1292 4226 ΙΙ
1311 4170 1437 4224 corporee

323 4247 359 4301 V:
370 4261 506 4316 corporeae
517 4247 589 4302 AVo
639 4247 677 4304 22
695 4249 783 4302 etone.
800 4246 860 4316 V}
877 4247 915 4304 23
932 4249 988 4301 tuis
1004 4246 1039 4302 V:
1056 4245 1246 4300 tuorumAFo
1296 4243 1336 4300 24
1346 4255 1440 4294 recuso

318 4331 434 4386 laborem
445 4333 473 4386 A
495 4335 507 4402 ΙΙ
530 4349 635 4388 causam
646 4332 738 4386 labero
750 4334 839 4386 aetate
855 4332 881 4387 V
944 4334 982 4392 25
999 4331 1168 4402 quoadusque
1183 4333 1220 4388 V:
1240 4328 1391 4400 quodusque
1404 4327 1441 4392 B,

320 4417 405 4486 quoad
417 4417 509 4488 AFQ,
528 4419 624 4488 quode
684 4418 722 4476 26
740 4418 860 4472 remissio
872 4419 939 4475 BV:
956 4419 1048 4473 missio
1059 4417 1131 4472 AVo
1191 4417 1229 4474 27
1247 4413 1340 4486 quodsi
1355 4411 1392 4468 V:
1411 4413 1445 4466 at

322 4503 657 4570 sied.A1d.,aesiAFc
