3300 5142
344 543 406 608 114
757 540 904 612 Sulpicii
926 541 1042 596 Seueri

342 697 508 782 deuiginti,
541 697 580 761 ad
599 694 789 778 baptismum
815 697 1003 763 conuolauit.
1025 715 1081 762 nac
1093 699 1198 762 tamen
1211 696 1320 761 statim
1334 695 1467 761 militiae

342 801 544 879 renuntiauit,
560 798 677 864 tribuni
692 799 740 863 sui
755 799 895 880 precibus
909 801 1044 877 euictus,
1060 799 1111 864 cui
1124 799 1358 864 contubernium
1372 798 1465 864 lami·

341 903 416 968 liare
431 901 619 986 praestabat:
642 901 756 966 etenim
770 903 923 968 trausacto
937 902 1114 968 tribunatus
1135 902 1184 966 sui
1204 903 1341 984 tempore
1354 919 1466 966 mnus-

341 1005 492 1070 tiaturum
517 1023 549 1069 se
575 1004 693 1068 saeculo
719 1003 928 1086 pollicebatur.
952 1024 1013 1088 qua
1027 1003 1180 1070 Martinus
1194 1005 1399 1086 expectatione
1413 1021 1466 1067 su-

340 1125 466 1190 spensus
481 1125 534 1190 por
545 1106 703 1172 biennium
718 1106 780 1172 lere
793 1109 993 1190 posteaquam
1008 1109 1056 1172 cst
1069 1107 1261 1191 baptismum
1276 1107 1466 1186 consecutus,
1491 1133 1504 1172 s

340 1210 404 1274 solo
417 1209 491 1273 licet
504 1209 640 1287 nomine,
663 1208 821 1274 militauit.

312 1307 331 1372 4
384 1313 503 1377 Interea
517 1311 708 1376 inruentibus
723 1311 804 1376 intra
815 1311 934 1378 Gallim
944 1311 1081 1377 barbaris
1092 1312 1232 1377 Iulianus
1242 1310 1352 1378 anmr
1363 1314 1466 1378 coacto

341 1415 484 1479 inunum
504 1413 637 1479 exercitu
657 1414 737 1497 apud
753 1414 948 1499 Vangionum
975 1415 1134 1480 ciuitatem
1160 1414 1341 1480 donatiuum
1366 1415 1467 1497 coepit

341 1535 463 1601 crogare
477 1517 645 1594 militibus,
667 1519 712 1595 at,
736 1518 771 1582 ut
797 1519 845 1582 ast
869 1517 1112 1596 consuetudinis,
1142 1517 1257 1602 singuli
1282 1516 1466 1596 citabantur,

312 1613 434 1686 2doneo
455 1621 495 1685 ad
517 1619 686 1684 Martinam
706 1621 834 1685 uentum
855 1622 911 1685 ast.
950 1623 1020 1685 tum
1042 1639 1113 1686 uero
1135 1623 1320 1703 oportunum
1340 1622 1503 1702 tempusu

340 1724 532 1802 existimans,
567 1741 626 1806 quo
647 1723 763 1805 peteret
782 1723 961 1788 missionem
972 1759 1013 1769 -
1024 1742 1122 1805 noque
1136 1724 1218 1788 enim
1233 1723 1389 1807 integrum
1402 1723 1465 1787 sibi

340 1827 404 1890 fore
426 1825 646 1905 arbitrabatur,
680 1825 707 1890 si
740 1826 921 1890 donatiuum
942 1845 1002 1891 non
1022 1826 1213 1891 militaturus
1239 1826 1388 1908 acciperet
1406 1861 1464 1904 -,

312 1929 500 2007 3hactenus,
524 1928 625 2010 inquit
639 1928 678 1993 ad
693 1927 865 2007 Caesarem,
887 1928 1024 1994 militani
1044 1929 1119 1993 tibi:
1141 1930 1245 2011 patere
1259 1929 1295 1992 ut
1307 1946 1390 1993 nunc
1402 1928 1464 1992 mi·

339 2033 429 2096 litem
454 2031 533 2096 Deo:
562 2031 741 2097 donatiuum
767 2032 858 2096 tuum
882 2033 1074 2116 pugnaturus
1099 2031 1244 2113 accipiat,
1266 2029 1382 2095 curisti
1405 2048 1464 2114 ogo

311 2135 429 2201 tmilos
456 2153 540 2198 sum:
562 2151 696 2218 pugnare
722 2134 800 2200 nihi
825 2133 993 2200 nonlicet.
1022 2135 1093 2199 tum
1117 2151 1190 2200 uero
1215 2133 1360 2199 aduersus
1385 2133 1501 2198 hancu

340 2255 446 2302 uocem
467 2238 614 2320 tyrannus
635 2237 795 2302 intremuit
816 2237 935 2316 dicens,
962 2257 1035 2301 sum
1054 2238 1141 2302 metu
1155 2253 1289 2321 pugnae,
1312 2255 1389 2319 quae
1409 2253 1465 2320 po-

339 2341 419 2404 stero
446 2339 495 2404 die
520 2341 584 2404 erat
610 2339 728 2418 lutura,
751 2359 811 2406 non
836 2340 994 2424 roligionis
1007 2339 1109 2424 gratia
1122 2339 1291 2404 demotus
1305 2339 1466 2416 militium,

311 2441 373 2508 uas
397 2442 550 2506 Martinus
576 2442 760 2524 intrepidus,
783 2443 880 2506 immo
900 2442 996 2507 inlato
1011 2441 1071 2508 sibi
1085 2443 1200 2507 tarrora
1213 2443 1415 2521 constantior,
1436 2441 1466 2505 si

339 2545 412 2622 hoo,
434 2545 551 2626 inquit,
575 2545 715 2629 ignauiae
740 2544 939 2624 adscribitur,
966 2564 1027 2610 nou
1051 2545 1139 2624 fidei,
1161 2545 1295 2612 crastina
1320 2545 1370 2610 dio
1394 2543 1466 2610 ante

340 2648 438 2713 aciem
459 2647 585 2712 inermis
607 2647 732 2712 adstabo
754 2649 785 2712 ot
807 2647 841 2712 in
860 2648 983 2713 nomine
1005 2647 1131 2714 Domini
1146 2649 1231 2728 lesu,
1253 2649 1342 2733 signo
1355 2647 1501 2727 crucis»

340 2769 400 2816 non
415 2750 510 2836 clipeo
525 2751 678 2831 protectus
693 2751 746 2815 aut
761 2751 862 2834 galea,
877 2751 1015 2816 hostium
1029 2768 1139 2816 cuneos
1152 2751 1315 2834 peneuabo
1329 2769 1461 2816 socnrm.

314 2853 458 2918 umtrudi
471 2871 543 2936 ergo
558 2851 591 2917 in
606 2853 777 2918 custodiam
791 2853 929 2932 iubetur,
944 2854 1082 2919 factiuns
1096 2853 1189 2918 tidem
1204 2855 1311 2933 dictis,
1333 2855 1370 2920 ut
1383 2855 1466 2920 inor-

314 2956 402 3022 tmis
416 2955 553 3020 barbaris
568 2955 744 3020 obiceretur.
768 2957 888 3038 postero
902 2957 952 3022 die
972 2957 1075 3022 hostes
1094 2957 1212 3042 legatos
1231 2957 1270 3022 da
1283 2975 1356 3039 paca
1370 2956 1465 3022 mise-

341 3060 428 3138 runt,
451 3077 506 3124 sua
531 3057 634 3130 omnia
658 3077 750 3141 saque
773 3058 925 3124 dedentes.
946 3060 1027 3124 unde
1049 3061 1119 3142 quis
1143 3059 1266 3124 dubitat
1291 3059 1370 3124 hanc
1394 3077 1465 3124 uero

341 3162 424 3226 beati
450 3161 510 3226 uiri
536 3161 631 3225 trisse
645 3161 821 3240 uictoriam,
850 3161 900 3226 cui
924 3162 1107 3244 praestitum
1131 3162 1189 3241 sit,
1211 3181 1249 3228 na
1274 3161 1400 3226 inermis
1424 3161 1499 3227 adu

245 3251 259 3276 ““
314 3265 492 3347 8proelium
506 3263 689 3328 mitteretur.
711 3265 743 3328 et
768 3264 911 3347 quamuis
934 3265 1006 3347 pius
1030 3264 1182 3330 Dominus
1196 3283 1316 3329 seruare
1329 3264 1465 3329 militem

342 3386 434 3433 suum
447 3365 520 3430 licet
534 3365 614 3430 inter
632 3365 768 3432 hostium
788 3367 908 3452 gladios
927 3369 960 3431 at
978 3367 1041 3432 talu
1059 3367 1223 3449 potuisset,
1244 3369 1349 3432 umen
1361 3385 1400 3432 ns
1413 3365 1466 3431 uel

342 3471 474 3536 aliorum
502 3467 653 3533 mortibus
681 3469 778 3534 sancti
812 3469 998 3534 uiolaruntur
1026 3470 1167 3548 obtutus,
1204 3470 1317 3534 eremit
1343 3487 1465 3554 pugnae

315 3573 564 3643 enomssitatam.
587 3589 682 3652 neque
707 3571 789 3636 enim
815 3571 909 3636 adam
932 3590 987 3654 pro
1012 3571 1113 3638 milita
1133 3590 1188 3637 suo
1202 3571 1342 3638 Christus
1357 3573 1465 3638 debuit

396 3825 566 3895 lbaptisma
577 3823 645 3892 AF,
663 3825 796 3878 demut
826 3825 839 3892 ΙΙ
869 3824 1088 3897 τωοιιοηιἝρ
1154 3825 1464 3884 ouoetvetauiom

349 3913 479 3968 Giscliai:
492 3911 596 3964 scilicet
609 3909 694 3964 Asu
740 3909 758 3965 7
777 3909 986 3979 irrumpentibus
998 3917 1014 3966 1
1024 3911 1081 3966 cod.
1099 3911 1157 3966 Gis.
1210 3911 1229 3969 8
1246 3914 1468 3983 umugionumF

396 3997 414 4054 9
433 3999 503 4051 atut
516 3995 616 4050 BMV:
634 3997 665 4050 ut
676 3995 772 4059 fflo,
790 3997 873 4064 utque
885 3996 992 4069 Robur.
1015 3998 1028 4064 11
1049 3997 1231 4053 recitabantur
1242 3999 1274 4053 F
1322 3999 1361 4057 10
1370 4015 1464 4070 oppor-

344 4085 466 4137 tunumo
518 4083 553 4138 11
566 4080 746 4136 remissionem
761 4080 786 4134 V
848 4081 885 4138 14
901 4081 1068 4137 militaturus
1083 4083 1164 4138 Gisct.
1176 4101 1211 4138 aa
1221 4085 1376 4141 maaca
1387 4087 1465 4142 lusu

345 4173 399 4221 eto
446 4167 483 4226 15
495 4167 678 4221 aduersumF
720 4165 757 4223 16
769 4170 875 4236 postera
886 4167 960 4224 nso
1000 4167 1036 4224 17
1048 4167 1277 4226 detrectaraAFo
1321 4171 1358 4228 21
1372 4171 1465 4242 clypeo

345 4251 417 4306 FVo
432 4253 445 4319 11
461 4253 550 4306 cuncis
562 4253 641 4320 Fpr.
654 4269 687 4306 m.
741 4251 948 4308 22custodiaA
999 4253 1211 4310 230biccarotur
1226 4255 1254 4310 V
1271 4257 1284 4325 ΙΙ
1305 4258 1466 4326 posteraFt

398 4336 436 4393 24
454 4353 533 4405 seque
556 4337 683 4392 AFMV:
713 4353 821 4406 seseque
844 4355 861 4392 o
929 4339 968 4399 25
985 4355 1017 4393 na
1040 4356 1089 4394 oon
1114 4339 1145 4394 F
1159 4357 1204 4410 pr.
1227 4359 1261 4396 aa
1330 4343 1370 4400 27
1386 4343 1465 4414 licet]

345 4423 428 4476 etiarn
440 4421 525 4477 Facti
535 4423 567 4478 ia
579 4439 632 4478 raa.
645 4440 732 4479 mous
742 4424 846 4479 secasti
897 4423 936 4482 28
953 4423 1084 4478 mortibus
1104 4425 1139 4480 V:
1156 4428 1241 4480 morta
1252 4425 1323 4482 sut
1344 4428 1357 4495 ll
1379 4427 1465 4482 uiola·

345 4511 419 4563 retrrr
432 4509 459 4563 B
