3300 5142
317 529 379 594 140
736 519 886 590 Sulpicii
902 519 1020 574 Seueri

313 701 385 748 cusu
396 679 563 760 temptatus
574 677 709 742 euicerit.
725 677 863 740 oebrnm
875 675 1027 740 omissum
1039 674 1194 739 bessum
1208 673 1241 740 in
1254 673 1360 738 libello
1373 671 1440 750 illo,

314 803 404 868 quem
419 781 457 846 de
472 781 538 846 uita
552 779 637 844 illius
652 779 848 862 scripsimus,
869 778 1123 855 commiretur,
1143 795 1215 842 eum
1239 777 1356 842 ibidem
1378 775 1441 839 sim

313 885 466 970 professus
481 903 530 948 me
544 901 604 948 non
617 881 722 948 omnia
735 881 820 946 illius
834 881 918 945 lacta
930 880 1131 962 eonplerum:
1152 881 1226 962 quia
1249 881 1277 943 si
1300 877 1442 961 persequi

313 988 455 1054 uniuersa
479 985 661 1061 noluissem,
695 985 869 1049 inmensum
894 983 1040 1047 uolumen
1068 982 1242 1066 legentibus
1265 981 1441 1045 edidissem.

312 1108 409 1172 neque
433 1089 515 1154 enim
541 1089 614 1152 sunt
640 1089 705 1151 tam
728 1105 837 1168 parua,
859 1105 936 1168 quac
961 1085 1073 1169 gese,
1095 1086 1133 1149 ut
1157 1085 1263 1150 omnia
1286 1083 1478 1166 potuerint:

283 1191 523 1274 sconprelrendi.
546 1191 599 1256 sed
618 1193 723 1254 tamen
741 1190 813 1266 hoc,
837 1190 875 1254 de
895 1206 956 1270 que
971 1188 1112 1271 quaestio
1127 1188 1252 1264 incidit,
1274 1187 1369 1252 latere
1381 1204 1443 1251 non

312 1295 412 1378 patiar
436 1297 467 1358 et
493 1313 557 1358 rem
582 1311 718 1370 omnem,
742 1293 778 1357 ut
797 1293 886 1376 gesta
903 1295 967 1368 ost,
990 1289 1138 1369 reseram,
1160 1310 1198 1356 ne
1218 1289 1298 1355 sorte
1316 1289 1444 1354 oonsilio

311 1397 383 1474 boe,
406 1396 486 1479 quod
501 1397 540 1462 ad
561 1396 815 1478 uituperationem
836 1395 917 1458 beati
937 1395 998 1458 uiri
1018 1397 1147 1476 poterut
1160 1395 1286 1477 opponi,
1307 1394 1444 1476 praeter-

312 1499 434 1564 misisse
450 1499 620 1564 uideamur.
1064 1581 1071 1590 ι

263 1612 302 1668 10
355 1601 432 1668 Cum
458 1603 497 1668 ad
521 1601 683 1666 dioecesim
698 1601 851 1684 quandam
876 1619 930 1684 pro
949 1601 1091 1666 sollemni
1109 1599 1341 1676 consuetudine,
1362 1599 1481 1662 sicutro

312 1704 460 1788 episeopis
476 1704 602 1770 uisitare
616 1704 758 1768 ecelesias
773 1723 843 1768 suus
858 1705 953 1769 moris
967 1707 1030 1781 est,
1053 1703 1156 1768 media
1169 1702 1231 1767 fere
1244 1703 1345 1768 bieme
1359 1701 1445 1766 Mar·

311 1807 395 1874 tinus
410 1807 557 1884 uenisset,
581 1807 769 1872 mensionem
796 1808 824 1870 ei
844 1807 878 1872 in
897 1807 1058 1871 seorsim
1075 1806 1220 1870 ecelesiae
1234 1804 1336 1870 clerici
1355 1821 1446 1886 para·

312 1911 432 1989 uerrunt,
448 1911 644 1992 multumque
659 1910 762 1994 ignem
777 1910 881 1974 scebro
896 1910 959 1974 iem
980 1911 1012 1973 et
1025 1909 1167 1991 pertenui
1181 1909 1356 1991 pauimento
1369 1907 1444 1971 sub-

311 2012 468 2078 diderunt:
492 2013 609 2077 lectum
625 2013 653 2077 ei
668 2011 802 2094 plurimo
817 2013 964 2077 stramine
978 2014 1188 2076 extruxerunt.
1217 2011 1303 2088 dein,
1326 2029 1397 2075 cum
1411 2028 1444 2074 se

313 2115 465 2180 Martinus
486 2115 626 2180 cubitum
652 2115 852 2193 conlocasset,
874 2115 1027 2180 insuetam
1055 2114 1222 2179 mollitiem
1248 2115 1337 2178 strati
1362 2112 1479 2177 maleo

311 2217 499 2284 blandientis
514 2218 676 2295 horrescit,
700 2217 811 2300 quippe
826 2218 880 2300 qui
894 2219 977 2283 nuda
990 2217 1101 2294 humo,
1126 2236 1186 2282 uno
1207 2218 1328 2281 tantum
1342 2215 1442 2280 cilicio

263 2331 298 2386 11
312 2320 481 2402 superiecto
507 2321 616 2386 cubare
645 2322 850 2385 consueuerat.
884 2320 987 2402 itaque
1018 2321 1105 2402 quasi
1136 2321 1258 2402 accepta
1282 2321 1440 2401 permotus

312 2423 425 2488 iniuria
438 2424 642 2492 stramentum
657 2441 745 2488 omne
759 2421 896 2504 proiecit.
919 2441 991 2486 casu
1006 2441 1097 2504 super
1116 2421 1305 2487 tomaculem
1319 2423 1438 2503 partem

312 2526 415 2609 paleae
443 2525 548 2604 illiue,
583 2545 675 2608 qnam
701 2527 887 2603 remordet,
921 2527 1066 2609 aggessit.
1090 2526 1169 2608 ipse,
1193 2528 1230 2590 ut
1255 2526 1321 2589 eret
1350 2524 1445 2589 meris

312 2627 395 2694 nuda
410 2627 503 2692 burne
524 2646 558 2692 ex
574 2627 754 2692 lassitudine
769 2627 888 2692 itineris
903 2630 1051 2712 urguente
1065 2627 1226 2710 requierit.
1249 2629 1289 2692 sd
1303 2627 1439 2692 mediam
1450 2643 1478 2684 ω

313 2729 374 2796 lere
400 2731 520 2796 noctem
545 2749 598 2812 per
624 2729 846 2812 interruptum,
868 2732 905 2795 ut
929 2749 1021 2813 supra
1045 2731 1196 2810 diximus
1224 2731 1437 2812 pauimentum

265 2837 302 2892 12
314 2830 396 2916 ignis
410 2833 552 2898 sestuuns
573 2833 691 2898 erentes
712 2833 813 2914 paleas
827 2833 1036 2914 adprehendit.
1059 2834 1211 2898 Martinus
1232 2850 1338 2898 somno
1359 2833 1440 2898 eroi-

316 2935 368 3000 tus
383 2953 415 2999 re
430 2934 600 3016 inopinata,
624 2935 751 3018 ancipiti
766 2935 900 3017 periculo
915 2938 946 3002 et
961 2937 1110 3014 maxime,
1133 2936 1169 3027 ut
1189 2935 1352 3014 referebat,
1375 2937 1442 3000 die·

313 3037 383 3102 bolo
399 3037 564 3103 insidiente
578 3037 676 3120 edque
696 3039 846 3122 urguente
865 3041 1061 3121 praeuentus,
1084 3039 1203 3103 tardius
1223 3058 1316 3122 quem
1337 3039 1442 3103 debuit

315 3140 354 3205 ed
369 3139 514 3206 orationis
530 3139 669 3224 confugit
683 3141 842 3206 auxilium.
865 3161 937 3206 nem
951 3159 1107 3223 erumpere
1121 3141 1203 3205 foras
1217 3143 1355 3224 cupiens,
1372 3160 1442 3205 oum
1451 3157 1478 3198 2⁵

316 3243 452 3324 pessulo,
476 3261 567 3324 quem
582 3242 659 3308 ostie
674 3243 847 3322 obdiderat,
870 3245 924 3308 diu
939 3245 1134 3326 multumque
1149 3244 1299 3322 luctatus
1321 3243 1442 3328 grauis

315 3345 430 3410 simum
452 3346 532 3410 circa
552 3365 584 3410 se
604 3347 699 3412 sensit
719 3346 909 3424 incendium,
932 3347 978 3411 ita
997 3348 1032 3410 ut
1052 3347 1185 3424 ussum,
1208 3366 1301 3429 quam
1316 3347 1442 3411 indutus

264 3459 302 3516 lu
314 3449 394 3528 eret,
410 3447 492 3532 ignis
507 3449 720 3531 absumpserit.
745 3449 870 3514 tandem
884 3449 918 3514 in
932 3468 964 3514 se
978 3467 1132 3527 reuersus,
1153 3466 1214 3514 non
1228 3449 1260 3513 in
1276 3449 1365 3534 fuge,
1389 3449 1442 3513 sed

366 3722 381 3779 1
402 3721 530 3776 omissum
548 3722 596 3777 hoc
621 3723 658 3776 V:
677 3722 804 3777 omissum
817 3720 884 3791 ΑΟ,
901 3721 1045 3786 omisaeF,
1064 3721 1092 3775 id
1104 3721 1260 3775 omissume
1280 3724 1292 3789 ΙΙ
1313 3722 1342 3775 in
1353 3737 1403 3775 om.
1419 3722 1443 3776 V

365 3808 474 3868 benite
491 3808 527 3863 V:
540 3823 588 3864 ern.
602 3809 674 3862 Al’e
696 3811 708 3876 tl
730 3810 787 3861 tem
809 3823 894 3876 pauca
912 3807 1029 3862 mdabat
1050 3808 1084 3861 de
1105 3809 1194 3861 Proto
1264 3807 1404 3865 sinceris
1418 3807 1445 3861 V

365 3894 478 3964 lgeste
491 3894 594 3948 suntV
615 3895 627 3962 Η
647 3893 757 3947 oonsilio
774 3895 810 3947 V:
839 3893 958 3946 consulto
983 3894 1018 3956 A,
1036 3899 1068 3946 ut
1089 3895 1157 3947 ceni
1184 3893 1322 3960 Vorstiue,
1351 3894 1442 3947 incon-

313 3979 414 4034 sultum
426 3979 470 4036 Fe
530 3979 568 4037 10
585 3979 705 4034 discisim
721 3980 748 4033 V
803 3980 838 4035 11
857 3978 989 4032 martinus
1000 3978 1129 4032 hiemeF
1173 3978 1210 4034 12
1228 3978 1312 4032 siem
1332 3978 1441 4032 Vmer-

313 4067 463 4136 pisselaeon:
516 4066 552 4123 13
570 4069 658 4120 stem.
672 4065 729 4119 AF
791 4065 829 4121 14
846 4065 944 4118 lectum
956 4064 1077 4133 AFQV:
1094 4064 1273 4132 lectumques
1343 4063 1379 4120 17
1398 4080 1442 4118 cu·

314 4151 377 4204 bere
390 4153 407 4204 3
420 4152 483 4206 libri
493 4151 625 4206 Giselius':
639 4149 764 4204 occubere
777 4150 840 4220 QV,
854 4150 980 4204 accubare
989 4150 1046 4203 AF
1058 4151 1071 4217 ll
1087 4149 1260 4202 consueberat
1269 4149 1295 4202 V
1349 4149 1443 4206 18811-

314 4251 363 4306 pra
379 4236 405 4290 V
453 4236 494 4294 20
511 4253 541 4290 ex
557 4237 595 4291 V:
608 4253 656 4290 ees.
671 4235 742 4290 AF:
760 4237 772 4302 11
795 4235 906 4289 iteneris
918 4238 1047 4306 urguente
1058 4234 1192 4303 requiebit
1207 4236 1232 4290 V
1285 4236 1325 4292 22
1337 4239 1443 4290 mentes

319 4323 355 4378 V:
382 4323 530 4376 arescentes
551 4322 622 4376 AFe
645 4323 657 4386 ΙΙ
680 4321 810 4374 excitatus
831 4320 886 4391 Fq
905 4337 974 4375 cerr.
1064 4321 1103 4376 23
1120 4319 1230 4375 diabulo
1250 4321 1392 4376 insitiante
1417 4323 1444 4376 V

367 4407 405 4466 25
424 4407 532 4462 seresii
583 4407 621 4464 26
640 4423 717 4476 quern
733 4407 771 4461 V:
789 4407 860 4476 qued
871 4407 929 4460 AF
988 4406 1026 4463 27
1044 4406 1086 4459 ita
1102 4406 1140 4459 V:
1159 4406 1224 4460 sdeo
1234 4407 1304 4461 AFe
1326 4409 1338 4474 ΙΙ
1361 4423 1441 4476 quam

319 4493 357 4548 V:
385 4509 438 4562 que
457 4493 528 4548 Alb
613 4493 651 4548 28
670 4491 849 4562 absumpserit
873 4493 911 4546 V:
939 4491 1117 4560 adsumpserit
1137 4492 1176 4557 F,
1200 4493 1377 4562 assumpserit
1398 4496 1443 4549 Ao
