3300 5142
349 535 416 601 214
773 527 922 597 Sulpicii
940 527 1057 581 Seueri

350 689 442 765 uum,
463 703 550 752 mus
563 684 717 750 moeso:
738 683 940 748 mauu
953 682 1046 746 mss
1059 663 1235 764 ueroque
1248 681 1340 746 unu
1354 679 1474 746 usum

349 785 927 876 praeturorerotabatuerba'peouati¹
949 784 1343 860 oemoemsnnctiorem
1365 783 1477 866 quippe

350 885 1473 978 quaprimismnbinmomatuiomtermaoeusiaeuboipliuas

349 997 417 1080 ipso
430 995 564 1060 Martiae
577 993 725 1058 educante
738 991 899 1055 marisam:
922 991 1091 1055 Martinam
1117 1009 1189 1054 uero
1215 991 1247 1053 et
1272 1007 1292 1054 a
1315 989 1473 1071 principio,

349 1099 432 1184 quod
445 1099 511 1180 ipse
524 1095 651 1160 diffiteri
664 1113 726 1160 uon
738 1095 855 1176 posset,
877 1093 1009 1158 militiae
1023 1093 1142 1157 actibus
1157 1093 1324 1170 sorduisse,
1346 1093 1379 1156 et
1398 1109 1475 1156 uuuc
1503 1115 1518 1154 a

350 1221 405 1286 per
418 1202 523 1267 inanes
536 1199 767 1282 superstitiones
785 1198 818 1261 et
843 1195 1029 1262 fantasmata
1041 1197 1198 1263 uisiouum
1212 1195 1344 1260 ridicula
1355 1213 1476 1277 prorsus

323 1305 434 1371 binter
446 1304 649 1369 deliramenta
669 1300 814 1366 senuisse.
837 1299 912 1364 baec
936 1317 1008 1364 cum
1028 1299 1129 1363 muita
1154 1299 1254 1382 adque
1277 1299 1341 1364 aiia
1364 1299 1474 1370 ubam.

351 1426 429 1492 quae
453 1407 579 1472 reticere
602 1403 714 1469 melius
738 1405 800 1481 est,
821 1401 976 1468 uoerbiorn
989 1404 1174 1480 uomuisset‚
1196 1419 1337 1485 egresms
1351 1401 1475 1466 tandem

352 1510 593 1586 mattae,
614 1508 703 1590 quasi
716 1506 772 1588 qui
790 1523 824 1569 se
838 1505 960 1588 punitura
974 1505 1178 1582 autimas,
1200 1503 1318 1588 rapidis
1336 1523 1372 1570 ea
1390 1507 1475 1588 parte

352 1633 414 1700 qua
426 1613 551 1679 uenerat
565 1610 720 1696 gressibus
734 1607 924 1685 recurrebat,
946 1627 1018 1672 cnm
1032 1609 1162 1686 interea,
1178 1610 1268 1673 medo
1282 1627 1336 1690 per
1349 1608 1475 1672 Martini
1485 1629 1515 1668 ιο

351 1718 502 1784 orationes
515 1713 633 1799 fugatis
646 1713 685 1778 ab
699 1712 785 1776 iltius
804 1712 894 1776 eorde
913 1710 1133 1788 daemonibus,
1155 1712 1299 1776 reductus
1318 1711 1352 1776 iu
1371 1711 1477 1793 paeni-

350 1823 490 1888 tentiam.
516 1836 587 1883 mor
611 1816 776 1880 reuertitur
799 1815 898 1897 adque
917 1815 957 1879 ad
978 1815 1104 1878 Martini
1130 1833 1162 1879 se
1187 1815 1476 1898 genusproetemit:

352 1925 476 1990 uoniam
489 1921 603 2005 poscit,
617 1919 733 1984 fatetur
745 1935 878 1982 errorem
891 1935 947 1982 nec
960 1917 1025 1982 siue
1039 1917 1185 1982 daemone
1200 1936 1232 1981 se
1247 1917 1341 1982 fuisse
1352 1917 1476 1982 undem

325 2027 454 2094 tsauior
467 2024 636 2090 eruetur.
658 2039 720 2086 uon
732 2023 799 2086 erat
811 2019 894 2102 apud
907 2020 1078 2085 Martinum
1092 2021 1178 2086 labor
1192 2021 1251 2085 iste
1265 2019 1417 2098 difficilis,
1441 2024 1477 2085 ut

352 2129 522 2216 Qnosoeret
536 2123 730 2208 supplicanti.
746 2125 821 2188 tunc
834 2125 866 2187 et
879 2123 940 2206 ipsi
953 2125 985 2188 et
998 2123 1087 2188 nobis
1099 2123 1242 2188 omuibus
1253 2125 1375 2188 uncus
1386 2141 1478 2205 erpo·
1488 2153 1515 2192 rs

353 2234 432 2312 suit,
447 2230 580 2314 quanter
592 2227 685 2292 illum
697 2225 925 2292 adaemonibus
936 2225 1064 2291 uidisset
1074 2227 1202 2311 agitari:
1218 2245 1250 2291 se
1262 2225 1407 2291 conuiciis
1417 2244 1480 2292 nou

352 2334 486 2411 moueri,
508 2349 585 2415 quae
601 2330 702 2415 magis
723 2329 787 2408 ilii,
809 2347 901 2411 aquo
916 2329 1140 2407 assentorium,
1162 2329 1344 2394 nocuissent.
1371 2329 1480 2394 eunde

326 2447 343 2503 '1
354 2457 426 2504 cum
436 2437 520 2501 idem
529 2434 646 2499 Brictio
657 2433 767 2497 multis
776 2432 859 2514 apud
870 2451 942 2496 eum
953 2432 1133 2516 magnisque
1147 2432 1327 2498 criminibus
1338 2451 1481 2516 persaepe

353 2538 557 2624 premeretur,
573 2537 641 2620 cogi
655 2553 716 2600 uon
729 2535 832 2617 potuit
846 2537 882 2600 ut
896 2553 967 2600 eum
982 2553 1000 2599 a
1013 2535 1201 2619 presbyterio
1216 2535 1426 2613 submoueret‚
1442 2553 1481 2600 ne

354 2660 444 2707 suam
457 2639 598 2723 persequi
611 2638 767 2703 uideretur
785 2637 944 2716 iniuriam,
968 2637 1047 2704 illud
1066 2656 1154 2720 saepe
1174 2656 1429 2704 commemorans:
1453 2639 1516 2706 sisu

355 2743 496 2810 crustu
510 2742 621 2807 Iudam
635 2759 742 2823 passus
757 2742 819 2818 est,
842 2759 896 2804 cur
910 2757 966 2824 ego
980 2759 1040 2807 uon
1054 2741 1154 2823 patiar
1169 2741 1379 2806 Brictiouemi

308 2845 346 2910 it
399 2846 449 2912 Ad
469 2845 543 2910 baec
562 2843 798 2924 Postumiauus,
820 2843 942 2922 audiat,
957 2844 1073 2926 iuquit,
1089 2845 1174 2909 istud
1188 2844 1362 2926 exemplum
1377 2847 1482 2910 noster

355 2949 414 3016 iste
428 2950 466 3014 de
479 2948 626 3032 proximo.
649 2948 703 3030 qui
717 2965 789 3012 cum
802 2947 846 3012 sit
859 2947 994 3029 sapiens,
1010 2947 1172 3012 immemor
1185 2947 1403 3029 praesentium,
1418 2947 1481 3012 im-

354 3071 473 3118 memor
485 3050 674 3116 futurorum:
689 3051 717 3114 si
731 3049 826 3114 fuerit
840 3049 986 3128 offensus,
1003 3050 1117 3116 insanit
1131 3051 1164 3114 iu
1178 3067 1234 3115 sua
1248 3067 1280 3114 se
1295 3067 1355 3115 nou
1365 3050 1481 3116 babens

354 3156 521 3238 potestate:
543 3153 689 3218 saeuitia
703 3152 842 3230 clericos,
865 3153 1021 3237 grassatur
1035 3153 1191 3232 inimcos,
1208 3155 1370 3238 totumque
1383 3156 1480 3219 terra·
1489 3181 1514 3221 rr

354 3277 425 3322 rum
440 3256 544 3321 orbem
556 3255 592 3320 iu
605 3273 694 3319 suam
713 3256 886 3320 commouet
906 3255 1069 3321 ultionem:
1092 3256 1124 3322 iu
1150 3275 1211 3340 qua
1234 3276 1289 3340 per
1312 3258 1481 3322 triennium

356 3359 471 3444 iugiter
490 3357 686 3424 dimicatione
706 3359 874 3422 consistens
894 3375 950 3423 nec
968 3359 1104 3442 tempore
1123 3378 1178 3425 uec
1203 3360 1321 3425 ratione
1343 3361 1479 3434 sedatur.

328 3461 631 3528 auolmuahomiuis
656 3461 688 3525 et
713 3461 885 3526 miserande
904 3461 1054 3540 condicio,
1077 3463 1200 3528 etiamsi
1225 3463 1284 3528 bac
1308 3463 1374 3529 sois
1397 3463 1480 3528 insa-

356 3563 468 3630 uabilis
493 3563 569 3628 mali
593 3565 678 3646 peste
703 3565 900 3647 premeretur.
924 3582 1031 3629 uerum
1052 3565 1113 3630 ista
1127 3566 1156 3630 ei
1170 3566 1335 3650 patientiae
1350 3567 1381 3631 et
1395 3567 1480 3631 trau-

407 3802 426 3862 6
438 3803 602 3858 iantasmeta
613 3803 680 3858 AF:
698 3801 791 3872 pbant
804 3819 822 3858 o
890 3801 909 3860 8
922 3819 1043 3873 egressus
1053 3835 1085 3844 -
1097 3804 1261 3859 uindicaseet
1272 3805 1303 3859 F
1309 3811 1374 3874 post
1394 3821 1480 3860 recur-

355 3887 433 3944 rebat
452 3887 531 3944 bobet
612 3888 631 3946 9
648 3887 938 3958 rapidis-gressibus
949 3889 1101 3944 recurrebat
1113 3891 1204 3945 ΑΒΜ
1205 3911 1213 3944 .·
1232 3891 1341 3960 rapidus
1351 3921 1383 3930 -
1393 3907 1479 3946 recur-

355 3974 433 4030 rebat
450 3973 494 4028 Fo
515 3975 528 4044 {l
550 3975 669 4042 seperta
681 3989 734 4042 qua
751 3965 855 4029 ΑΜ·
874 3991 905 4028 ex
917 3977 1083 4045 quaparteo
1153 3977 1187 4032 11
1207 3977 1409 4046 poeniteutiam,
1421 3993 1499 4032 mox*

355 4059 518 4116 obtimam
529 4061 611 4114 estin
620 4058 679 4114 eoa.
694 4060 868 4115 Micam
879 4061 967 4131 topice
978 4062 1093 4116 raone.
1113 4060 1257 4118 &atentia
1270 4070 1323 4118 cst:
1341 4063 1370 4118 in
1381 4079 1410 4117 eo
1422 4065 1481 4116 erat

356 4147 388 4200 ut
398 4148 556 4210 recurreret,
569 4161 629 4200 cum
640 4143 745 4199 interea
755 4145 880 4200 reductus
892 4149 934 4201 est
945 4146 974 4201 iu
985 4147 1185 4217 paenitentiam
1205 4149 1267 4204 Mox
1278 4149 1424 4204 reuertitur
1431 4153 1479 4203 etc.

410 4231 447 4288 13
458 4230 625 4301 poscitBM:
638 4231 823 4300 posceusAFb
875 4231 913 4288 14
924 4232 1013 4286 sanior
1024 4232 1194 4288 fatebaturA
1247 4235 1283 4294 15
1296 4235 1353 4304 ipse
1362 4233 1394 4290 F
1394 4249 1479 4302 pm

410 4315 447 4374 18
464 4315 562 4372 briceio
573 4316 631 4372 AF
644 4318 657 4384 11
673 4315 743 4385 apud
753 4316 786 4370 in
793 4317 824 4372 F
829 4333 938 4372 aarum
985 4317 1021 4374 19
1034 4321 1188 4388 premeret·-
1201 4319 1232 4374 F
1273 4319 1310 4376 21
1324 4318 1482 4374 briccionenr

355 4401 414 4458 AF
444 4401 484 4459 22
495 4402 578 4456 etiam
588 4402 702 4456 istudbi
743 4402 782 4460 23
793 4403 883 4458 mutim
895 4405 1121 4473 cumestsapiens
1154 4405 1194 4461 24
1205 4404 1482 4476 leniterieetlauiter)

355 4487 468 4544 offensus
481 4489 588 4544 sceau
599 4488 676 4558 apud
687 4489 722 4544 cie
730 4491 819 4546 Proto
828 4495 854 4546 et
866 4489 905 4544 ed.
913 4490 975 4546 Aio.
1003 4489 1041 4547 27
1054 4490 1202 4544 oratioueF
1235 4491 1273 4549 29
1285 4491 1355 4546 mulo
1364 4491 1395 4546 F
1395 4507 1481 4560 praa
