3300 5142
446 570 548 625 Index
572 571 748 625 uerborum
765 575 799 625 et
816 570 1034 626 locutionum.

156 727 298 781 honestare
311 743 404 796 cerpus
416 727 540 782 odoribus
560 728 605 791 12,
619 727 637 784 6

157 813 255 867 honore
266 812 412 883 praefanda
430 813 456 878 9,
470 812 488 869 3

156 900 352 953 humanitas:
361 914 445 969 genus
468 898 613 953 humanum
642 898 670 962 8,
694 899 720 954 2.

154 985 296 1125 huddiliids
308 1072 399 1124 nostra
419 1072 449 1139 (i.
462 1086 483 1126 e·
496 1070 644 1141 hominum)
662 1070 688 1134 5,
702 1070 721 1126 6

153 1242 328 1296 iaculationes
339 1244 472 1295 testarum
489 1240 516 1306 3,
529 1243 548 1302 5

152 1327 269 1381 iaculum
281 1328 315 1382 de
327 1333 396 1383 testa
406 1328 482 1382 sirete
493 1328 597 1383 dictum
615 1328 641 1392 3,
654 1328 672 1384 6

152 1413 180 1466 id
192 1415 320 1482 temporis
338 1414 398 1477 2,3

152 1499 286 1567 ignescere
304 1500 384 1564 34,2

151 1584 223 1653 ignis
246 1586 352 1655 sapiens
379 1584 425 1649 35,
450 1584 482 1649 3;
500 1586 605 1655 ignium
629 1586 717 1655 sepul·

184 1672 261 1724 turae
280 1671 351 1736 11,3

148 1754 179 1808 in
190 1756 326 1824 publicum
338 1758 415 1810 muta
425 1757 500 1810 natio
517 1757 543 1821 8,
556 1757 588 1822 4;
606 1758 636 1811 in
646 1757 715 1827 pub·

183 1841 265 1895 licum
276 1842 363 1896 dicere
383 1841 494 1906 19,14;
513 1843 542 1896 in
560 1842 715 1897 hodiernum

183 1928 229 1991 21,
243 1927 274 1991 7;
294 1928 323 1981 in
340 1927 457 1995 aliquem
474 1927 581 1982 modum
601 1930 714 1999 (=quo·

182 2012 333 2082 dammodo)
352 2012 398 2075 34,
413 2012 444 2077 8;
463 2012 492 2066 11
502 2014 591 2067 totum
604 2014 648 2081 (=
658 2030 713 2067 om-

181 2099 255 2168 nino)
273 2099 320 2162 24,
333 2097 359 2153 3.
378 2097 425 2161 28,
438 2097 457 2154 3

145 2184 175 2237 in
192 2184 283 2253 pueris
292 2206 326 2231 =
335 2183 406 2236 inter
426 2198 520 2252 pueros
538 2184 562 2248 3,
584 2184 611 2248 6,
630 2190 657 2239 ct
673 2188 712 2241 sic

180 2270 209 2322 in
221 2269 454 2323 contubernalibus
471 2270 498 2333 4,
516 2268 552 2333 4,
573 2269 603 2323 in
622 2270 712 2339 genti·

178 2355 229 2409 bus
246 2356 293 2419 25,
307 2354 340 2423 9,
358 2355 387 2408 in
400 2353 523 2408 hostibus
541 2354 588 2420 37,
601 2354 620 2412 3

142 2441 332 2496 inambulando
353 2441 433 2495 litore
453 2440 487 2494 ad
507 2456 580 2496 mere
600 2458 710 2512 pergere

141 2611 265 2667 incendia
281 2612 659 2684 (1111111111)11111111127,
672 2616 691 2674 5

140 2698 249 2752 inclinis
269 2699 328 2765 3,6

140 2784 273 2839 incertum
296 2785 467 2850 11111197,
497 2786 707 2855 propositionum

139 2955 279 3025 increpant
296 2957 441 3027 grandines
458 2958 485 3022 5,
499 2958 517 3014 9

138 3041 270 3096 inculcare
282 3044 327 3113 (=
339 3042 523 3113 conculcatui)
540 3043 587 3109 24,
602 3045 618 3101 1

137 3128 288 3182 incumbere
299 3145 457 3199 propensum
473 3128 502 3183 in
519 3128 633 3184 alteram
644 3146 704 3200 per·

172 3216 228 3265 tem
246 3215 303 3277 5,1

136 3298 349 3353 indolescendum
360 3301 402 3353 est
420 3300 446 3364 5,
459 3300 479 3357 4

135 3385 254 3438 inerrare
267 3384 295 3437 in
308 3385 412 3454 aliquos
430 3386 476 3451 31,
490 3386 510 3442 4

134 3471 257 3522 inexesus
276 3470 323 3534 35,
336 3470 355 3527 3

133 3556 306 3609 infirmitates
324 3556 370 3620 36,
383 3557 401 3613 8

133 3641 254 3709 infligere
267 3642 387 3711 (infigere
394 3642 418 3709 1)
432 3644 606 3709 1111111137,
621 3646 658 3702 12

131 3728 233 3793 ingerit
247 3746 303 3781 sese
315 3729 399 3782 oculis
417 3731 445 3782 et
466 3729 586 3783 sensibus
599 3733 697 3786 nostris

167 3814 292 3867 caelestis
305 3814 415 3868 claritas
435 3814 480 3879 17,
494 3816 511 3867 2

130 3898 268 3952 inhaerere
288 3900 367 3954 lateri
387 3900 500 3953 alicuius
524 3902 598 3967 3,1;
618 3906 696 3958 unius

164 3986 332 4039 matrimonii
348 3986 454 4040 1111111
475 3987 521 4051 31,
535 3988 567 4052 5;
585 3989 695 4045 dulcedo

164 4069 279 4123 hominis
291 4072 409 4125 inhaesit
421 4073 532 4143 (animo)
552 4076 576 4138 1,
592 4076 607 4131 1

128 4155 306 4210 inhorrescere
324 4159 370 4220 27,
384 4158 402 4213 7

128 4241 268 4295 inhumani
296 4243 349 4296 cibi
377 4244 403 4307 8,
426 4245 458 4307 4;
488 4244 543 4298 inh.
568 4248 693 4302 uictimae

126 4412 233 4465 initiari
246 4414 277 4466 de
290 4415 367 4468 caede
386 4416 433 4485 30,
448 4419 463 4473 1

125 4498 256 4551 inlibatus
266 4522 298 4546 =
308 4501 413 4570 integer
434 4503 478 4571 15,
495 4505 510 4560 1

1286 578 1328 641 67

760 727 912 781 innocentes
931 726 1154 782 anni=inncria
1175 731 1249 782 aetas
1267 730 1325 794 2,1

759 812 983 878 innouare11,7

758 897 899 966 inopinata
910 899 1063 967 praesentia
1079 900 1105 962 2,
1119 900 1138 955 2

758 982 895 1052 inopinato
908 984 962 1038 uisi
979 985 1025 1048 21,
1039 984 1057 1041 7

757 1067 893 1137 inpatiens
905 1068 1033 1140 gaudium
1051 1071 1078 1136 2,
1091 1072 1110 1127 2

757 1152 937 1222 inperitiadei
946 1155 1019 1225 (epp.
1033 1156 1144 1225 notitia)
1163 1157 1208 1222 35,
1223 1158 1241 1217 5

756 1238 862 1308 inpiata
886 1256 960 1295 sacra
983 1241 1028 1311 28,
1053 1242 1086 1307 51
1125 1242 1259 1312 inpiatum
1282 1245 1324 1299 est

755 1410 895 1479 inpingere
912 1412 941 1466 in
953 1411 1055 1482 lapides
1067 1415 1248 1469 tetrameter
1265 1416 1289 1481 3,
1305 1418 1320 1473 1

754 1494 883 1563 inplicare
909 1512 1021 1551 errorem
1048 1500 1126 1553 uanis
1152 1500 1321 1569 opinionibus

787 1582 814 1645 5,
829 1580 861 1644 6;
879 1582 936 1635 eius
948 1584 1138 1653 contemplatio
1150 1587 1250 1654 pectori
1262 1603 1320 1641 meo

787 1666 925 1735 implicata
938 1670 980 1721 est
998 1668 1023 1732 1,
1035 1669 1053 1725 2

751 1751 1004 1820 inpraesentiarum
1021 1754 1079 1818 5,1

750 1836 946 1904 inprecationes
958 1839 1079 1894 dirarum
1098 1840 1124 1905 7,
1138 1841 1155 1898 6

750 1920 860 1990 inprobe
871 1924 1072 1994 :inpudenter
1090 1926 1135 1993 40,
1151 1928 1166 1984 1

750 2006 891 2076 inpuratus
904 2009 982 2064 homo
1000 2012 1093 2077 23,12

748 2092 883 2161 inquirere
904 2094 933 2149 in
953 2112 1039 2151 mores
1064 2098 1109 2162 10,
1131 2100 1162 2164 5;
1181 2100 1315 2169 inquirere

782 2177 963 2249 (1111111111)
971 2197 1065 2236 causas
1074 2184 1155 2249 13,4;
1166 2186 1219 2239 Isis
1228 2186 1315 2241 filium

781 2263 898 2332 inquirit
915 2266 961 2332 22,
983 2268 998 2324 1

746 2348 864 2403 inrotare
878 2353 978 2405 testam
997 2369 1075 2423 super
1093 2354 1176 2409 undas
1195 2356 1222 2420 3,
1238 2357 1257 2413 6

745 2434 863 2489 inruere:
881 2436 995 2493 fulmina
1009 2441 1111 2493 montes
1125 2440 1237 2495 inruunt
1249 2444 1275 2507 5,
1293 2442 1311 2499 9

744 2520 872 2575 insinceri
886 2523 998 2591 spiritus
1016 2524 1060 2588 26,
1072 2525 1089 2581 7

744 2606 855 2661 insitus:
875 2609 944 2662 sciat
956 2625 1046 2665 omnes
1060 2612 1180 2666 homines
1196 2614 1310 2669 rationis

777 2694 805 2745 11
829 2710 921 2749 sensus
944 2711 1053 2765 capaces
1080 2702 1243 2767 procreatos,
1263 2718 1310 2756 nee

777 2778 885 2833 fortuna
899 2784 1022 2847 nanctus,
1042 2782 1088 2837 sed
1101 2788 1199 2839 natura
1213 2786 1309 2842 insitos

777 2880 834 2918 esse
852 2866 1012 2934 sapientiam
1032 2868 1109 2932 l6‚5

741 2948 871 3018 insparsis
882 2952 1027 3006 mendaciis
1045 2954 1091 3018 28,
1106 2954 1124 3010 6

741 3034 874 3104 inspirata
889 3038 1023 3107 patientie
1040 3038 1115 3103 37‚5

739 3120 882 3191 instigatio
898 3122 1054 3178 daemonum
1073 3125 1119 3190 28,
1134 3126 1153 3185 5

740 3205 871 3261 insultare
887 3208 969 3263 alicui
987 3210 1033 3275 37,
1049 3212 1064 3267 1

739 3291 846 3346 intende
861 3295 929 3347 mari
951 3296 996 3364 (ε
1006 3298 1094 3365 aspice
1113 3300 1196 3368 marc)
1216 3299 1260 3363 17,
1277 3301 1303 3365 9,

772 3378 880 3432 intende
894 3381 1003 3449 templis
1022 3381 1047 3445 7,
1066 3383 1085 3441 5
1100 3383 1158 3451 (aed
1176 3384 1220 3449 32,
1239 3385 1258 3443 8
1276 3388 1304 3441 in

772 3464 853 3517 selem
868 3465 999 3534 intende);
1017 3467 1087 3521 nihii
1099 3468 1236 3525 intendere
1245 3473 1300 3537 4,1

737 3549 869 3604 intentius
884 3551 1021 3621 disputare
1038 3554 1095 3617 4,5

736 3634 850 3688 intentio
871 3637 969 3689 mentis
991 3639 1090 3693 resedit
1111 3640 1140 3693 in
1158 3642 1250 3711 aliqua
1273 3662 1301 3697 re

770 3722 792 3783 1,
811 3722 845 3783 5,
872 3720 934 3776 dum
966 3723 1106 3778 uerborum
1129 3726 1259 3782 lenocinio
1284 3746 1300 3783 a

767 3822 856 3859 rernm
877 3806 1072 3863 intentionibus
1096 3815 1240 3867 auocantur
1256 3814 1298 3879 14,

766 3891 953 3955 43intentione
964 3910 1067 3948 summa
1075 3912 1200 3963 quaerere
1211 3898 1257 3963 38,
1266 3900 1298 3963 6;

765 3979 797 4030 ut
822 3978 1011 4046 propositionis
1042 3981 1143 4035 incerto
1171 3984 1297 4040 incertior

764 4063 941 4131 responsionis
968 4067 1073 4120 nostrae
1099 4068 1213 4123 intentio
1232 4071 1261 4137 (i.
1274 4087 1294 4125 e.

764 4149 909 4217 propositio
951 4153 1095 4221 contraria)
1139 4154 1295 4211 fundaretur

729 4320 883 4374 intercessio
901 4322 928 4385 9,
940 4323 957 4374 2

728 4406 887 4459 intererrarc
899 4407 964 4461 locis
979 4410 1100 4463 omnibus
1121 4412 1162 4475 10,
1179 4413 1196 4469 5

728 4491 905 4559 intergressus
927 4494 999 4557 15,1

1040 4603 1087 4665 5*
