3300 5142
659 544 732 614 Cap.
751 545 832 601 6--7.
1283 548 1322 611 87

199 705 372 786 nonposset
387 704 500 768 etcum
514 702 701 785 praeposteri
718 701 831 766 amoris
852 702 1032 783 coqueretur
1056 700 1213 779 incendiis,
1232 718 1325 783 prope

198 808 331 873 Percum
359 807 518 871 inuentam
543 804 697 889 uirginem
722 804 813 885 rapit.
847 804 961 869 Percus
983 804 1030 867 661
1056 804 1159 869 661661
1182 805 1267 868 16666
1292 804 1326 869 16

198 910 326 975 Hennae
337 909 475 974 ciuitatis
489 908 601 972 finibus
616 907 694 972 satis
706 924 852 972 amoenus
869 909 900 971 et
914 908 1041 991 gratus,
1054 898 1141 971 ouius
1156 908 1325 973 amoenitas

199 1032 235 1077 ex
248 1011 360 1077 florum
374 1011 579 1076 uarietatibus
589 1010 741 1076 nascitur:
758 1029 832 1075 nam
847 1028 902 1092 per
918 1028 1041 1076 omnem
1056 1030 1171 1076 annum
1187 1011 1326 1075 uicissim

163 1140 176 1178 6
199 1115 259 1180 sibi
274 1115 506 1180 succedentibus
521 1113 648 1178 floribus
664 1115 835 1178 coronatur.
859 1113 926 1178 11116
940 1114 1078 1179 16666166
1091 1114 1237 1197 quiequid
1247 1114 1354 1197 hya-2

199 1220 297 1284 cinthi
316 1219 422 1301 turget
437 1218 470 1282 in
494 1217 628 1295 caulem,
650 1217 717 1281 illic
731 1235 851 1281 comam
873 1218 1003 1283 narcissi
1023 1218 1075 1282 uel
1099 1217 1180 1300 quod
1200 1206 1326 1282 auream

198 1340 301 1388 rosam
315 1323 444 1404 desuper
454 1321 572 1404 pingit,
588 1319 655 1384 illic
669 1320 757 1384 albae
771 1319 901 1385 hederae
915 1340 971 1403 per
983 1322 1100 1385 1611616
1111 1320 1248 1385 molliter
1262 1339 1326 1385 ser-

198 1426 277 1508 punt
292 1427 323 1490 et
338 1444 409 1489 curn
423 1424 585 1507 purpureis
601 1423 693 1487 uiolis
705 1422 842 1487 suauiter
853 1423 965 1487 rubens
980 1442 1140 1489 amaracus
1158 1423 1325 1501 inuenitur,

198 1547 254 1593 nec
267 1545 409 1593 coronam
431 1527 525 1591 istam
540 1525 612 1591 alba
636 1525 780 1591 deserunt
802 1524 885 1589 lilia:
906 1545 1030 1608 prorsus
1052 1528 1143 1608 aptus
1163 1527 1248 1591 locus
1274 1527 1327 1609 qui

163 1632 301 1716 ingratia
315 1650 371 1695 sua
385 1630 537 1714 puellares
550 1629 668 1693 animos
682 1630 714 1693 61
729 1629 880 1693 166116161
893 1629 1010 1709 pariter
1025 1630 1056 1693 61
1071 1631 1197 1694 teneret.
1221 1630 1254 1694 in
1269 1631 1326 1693 hoe

199 1735 265 1801 loco
280 1753 351 1798 cum
366 1753 384 1797 a
398 1732 530 1797 Plutone
545 1732 633 1816 uirgo
653 1750 746 1813 prope
766 1750 926 1813 uesperam
940 1732 1051 1797 fuisset
1067 1733 1209 1812 inuenta,
1227 1733 1260 1797 ui
1275 1753 1327 1797 ra-

198 1838 284 1920 pitur
298 1838 330 1902 61
345 1834 582 1918 superimposita
596 1834 737 1901 uehiculo
753 1834 857 1900 scissis
872 1835 1011 1900 uestibus
1027 1835 1169 1901 laceratis
1191 1835 1326 1899 crinibus

199 1942 341 2008 ducitur:
365 1958 420 2004 666
440 1939 569 2004 16666611
588 1957 707 2022 ungues
732 1941 839 2005 contra
859 1940 1029 2004 amatorem
1043 1938 1193 2003 rusticum
1209 1938 1326 2019 aliquid

199 2043 402 2128 profuerunt}
436 2060 491 2106 nec
506 2041 621 2106 clamer
646 2043 737 2123 atque
762 2041 901 2107 ululatus
928 2042 1049 2108 adiuuit
1073 2062 1129 2107 666
1155 2043 1326 2108 ceterarum
1335 2059 1380 2099 66.
1394 2060 1429 2102 ea.

163 2158 190 2198 1⁵
200 2146 348 2227 strepitus
363 2145 546 2226 puellarum.
562 2146 712 2210 1666666
727 2145 817 2210 celeri
833 2164 937 2223 cursu,
954 2166 1025 2211 eum
1041 2146 1078 2211 de
1093 2146 1222 2211 ciuitate
1236 2155 1353 2211 661663

199 2250 403 2327 succurreret,
419 2247 502 2312 facta
523 2267 559 2312 61
578 2248 645 2330 ipso
657 2249 769 2312 timore
789 2249 922 2313 uelocior
936 2250 1031 2314 matri
1048 2251 1172 2331 raptum
1193 2248 1325 2333 uirginis

198 2353 331 2418 nuntiat.
349 2352 454 2416 666116
467 2351 622 2433 raptorem
632 2351 793 2434 indignata
804 2353 905 2416 mater
917 2354 1070 2417 armatam
1084 2371 1211 2416 manum
1223 2352 1324 2415 ducit:

198 2474 255 2521 666
265 2455 429 2520 Plutonem
445 2455 584 2520 mulieris
599 2454 712 2520 fefellit
732 2456 899 2533 aduentus,
924 2455 977 2521 sed
997 2458 1033 2521 ut
1048 2456 1174 2521 retorsit
1193 2454 1326 2520 6116161-

200 2559 298 2623 tatem
313 2559 415 2623 666166
437 2561 469 2623 61
485 2557 622 2623 16161166
637 2577 746 2625 cuneos
767 2559 901 2640 respexit
924 2560 1028 2624 uenire
1049 2578 1119 2625 cum
1134 2561 1250 2637 matre,
1277 2559 1326 2622 ltr-

164 2664 323 2731 aenestum
340 2662 421 2743 cepit
436 2680 472 2725 61
488 2662 699 2743 desperatione
715 2662 895 2727 consilium:
918 2663 1101 2748 quadrigam
1127 2682 1187 2745 qua
1202 2662 1327 2727 uehicu-

200 2767 267 2831 lum
282 2767 462 2833 trahebatur
475 2788 530 2850 per
544 2768 683 2833 medium
693 2768 796 2833 lacum
811 2768 939 2853 dirigit:
967 2768 994 2833 is
1011 2768 1077 2832 erat
1091 2766 1251 2849 profundis
1272 2782 1327 2829 uo-

200 2870 358 2953 raginibus
384 2870 557 2935 immersus.
577 2870 643 2934 illic
668 2889 739 2936 cum
765 2873 869 2936 amata
893 2872 1069 2936 submersus
1092 2869 1213 2953 uirgine
1233 2870 1328 2933 16166-

200 2973 312 3037 randae
322 2973 418 3038 matri
427 2974 465 3037 de
475 2977 575 3038 morte
590 2972 672 3038 filiae
684 2973 843 3039 funestum
855 2974 1064 3056 spectaculum
1075 2973 1228 3057 praebuit.
1241 2972 1358 3036 Heu-4

200 3095 308 3141 nenses
323 3077 359 3140 ut
378 3077 502 3158 possent
519 3078 668 3141 maternis
688 3076 824 3141 luctibus
848 3094 884 3140 61
900 3077 1004 3158 aliqua
1018 3079 1106 3158 parte
1127 3075 1263 3140 inuenire
1278 3092 1327 3139 so-

166 3208 191 3248 rs
200 3178 325 3256 lacium,
340 3180 508 3243 inferorum
522 3198 628 3263 regern
641 3179 796 3262 uirginem
810 3180 948 3261 rapuisse
959 3179 1139 3256 1166161661,
1156 3178 1187 3243 61
1202 3179 1238 3241 61
1252 3176 1327 3241 fides

201 3281 350 3364 figmenta
364 3283 556 3363 sequeretur,
568 3300 660 3364 prope
675 3280 841 3365 Syracusas
856 3301 926 3347 eum
950 3300 1003 3363 per
1025 3281 1123 3346 alium
1138 3281 1240 3346 locum
1257 3298 1329 3344 cum

201 3384 322 3467 uirgine
339 3385 499 3449 emersisse
519 3385 681 3449 iactarunt.
708 3385 862 3467 templum
883 3404 955 3450 sane
976 3386 1007 3450 et
1023 3384 1143 3467 raptori
1165 3384 1196 3448 et
1210 3383 1327 3480 uirgini

201 3486 341 3551 66661616
355 3487 484 3551 conlatis
505 3487 688 3570 sumptibus
696 3488 816 3553 faciunt
833 3490 863 3552 et
879 3507 980 3552 annua
1000 3488 1033 3553 in
1048 3488 1164 3569 templo
1185 3488 1259 3551 uota
1274 3486 1329 3550 de-

201 3590 342 3654 cernunt:
359 3589 412 3655 sed
426 3589 511 3654 nulle
526 3608 636 3673 genere
650 3592 760 3656 matris
775 3592 862 3656 dolor
877 3592 1012 3656 uincitur
1033 3610 1089 3655 666
1103 3590 1263 3655 1661161116
1280 3589 1328 3654 16-

166 3693 368 3776 sopatientiae
382 3694 538 3759 tormenta
553 3696 712 3773 curantur,
729 3696 782 3760 sed
798 3695 922 3761 credens
934 3716 1005 3761 uere
1018 3695 1116 3761 filiam
1128 3713 1221 3776 prope
1236 3691 1328 3775 Syra-

201 3816 288 3862 cusas
304 3798 502 3875 6666616616,
519 3798 710 3880 Triptolemo
725 3799 801 3863 duce
816 3798 910 3862 nilico
925 3816 980 3863 666
994 3798 1151 3863 nocturnis
1166 3794 1329 3861 itineribus

201 3900 241 3964 ad
255 3898 461 3984 Syracusanae
476 3900 614 3965 ciuitatis
628 3900 704 3966 litus
717 3920 787 3966 cum
800 3901 926 3985 lugubri
941 3904 1028 3967 ueste
1048 3921 1084 3967 ae
1099 3899 1221 3966 sordido
1237 3916 1328 3978 squa-

201 4003 264 4069 lore
279 4004 429 4085 peruenit.
444 4022 500 4068 nec
514 4003 581 4068 illic
597 4003 696 4069 defuit
711 4004 765 4086 qui
780 4004 936 4069 credulam
953 4003 991 4070 de
1013 4003 1243 4069 calamitatibus
1264 4002 1329 4068 6616

254 4190 270 4246 1
285 4206 344 4244 6661
355 4190 387 4245 de
398 4207 488 4260 praep.
501 4206 523 4244 a
537 4194 739 4259 conquereretur
751 4208 770 4244 a
822 4191 840 4247 2
859 4191 961 4261 Pergus
975 4190 1053 4246 Ouid
1070 4192 1180 4246 Metam.
1193 4192 1224 4259 V,
1238 4194 1294 4245 386

201 4275 359 4345 hyacinthi
370 4280 398 4341 P,
409 4283 440 4330 ot
451 4278 486 4343 cs.
501 4294 522 4331 c.
536 4280 614 4345 12‚2
671 4277 817 4333 6aureum
830 4278 858 4331 P
925 4277 961 4333 13
982 4277 1096 4331 resecati
1114 4278 1154 4331 Μ.
1166 4278 1267 4345 Haupt
1284 4277 1328 4343 (ic

200 4362 302 4415 Hermo
316 4363 359 4431 II,
372 4364 562 4430 8).·reserueti
575 4364 620 4417 Pa
672 4362 707 4419 16
725 4363 783 4432 ipse
796 4364 903 4418 Pcorr.
917 4380 950 4417 aa
966 4363 1024 4433 ipae
1076 4360 1112 4419 18
1129 4362 1254 4417 retrorsit
1267 4363 1294 4415 P

200 4448 239 4503 ‘20
255 4464 331 4515 qne..
340 4448 498 4503 trahebatur
509 4465 574 4504 666.Ι
588 4448 841 4517 qna..trahebatP‚
854 4465 933 4517 qnae.
942 4448 1080 4502 trahebat
1089 4466 1108 4502 a
1159 4448 1197 4505 22
1216 4449 1327 4501 immen-

201 4532 329 4587 susus.
345 4532 505 4588 Gronccius
556 4534 773 4591 1166616161
825 4534 958 4591 3011116..
971 4535 1071 4588 6166Ρ
1122 4534 1292 4591 3161111666

201 4618 239 4675 33
251 4618 311 4671 illic
322 4619 351 4672 P
362 4620 599 4689 (desiderantia)
612 4627 638 4675 61
655 4621 764 4675 Oelrler:
781 4621 824 4674 illi
838 4639 856 4675 u
