3300 5142
688 468 760 538 Cap.
780 470 827 527 28.
1265 476 1325 541 127

197 630 399 709 tamquam
420 628 473 690 te:
496 626 535 689 in
557 624 618 689 his
642 625 791 692 duobus
813 628 1037 710 praeceptis
1058 629 1142 693 tota
1163 630 1224 694 lex
1239 649 1325 712 pen·

197 730 265 795 det
286 730 323 793 et
344 719 581 812 prophetae'
604 728 858 812 sequiturautcm
873 730 930 794 hoc
944 731 1086 797 diuinum
1102 733 1355 798 uenerandum-9

197 850 255 915 que
281 835 478 916 praeceptum
503 832 680 898 inmortalis
706 832 825 898 domini
851 852 886 898 ac
912 834 1019 898 sancta
1045 834 1211 900 conclusio:
1240 836 1327 902 addit

199 936 295 1016 enim,
311 939 348 1001 ut
360 936 557 1002 manifestius
568 938 653 1002 uiam
665 936 777 1001 salutis
789 936 942 1014 ostendat,
958 938 989 1001 et
1000 936 1046 1002 ita
1057 938 1209 1019 loquitur:
1224 932 1327 1005 ‘haec

176 1042 261 1105 sest
282 1041 413 1105 autem
436 1041 524 1105 uita
545 1041 719 1117 aeterna,
742 1040 784 1102 ut
805 1041 1046 1123 cognoscant
1068 1042 1105 1105 te
1128 1043 1326 1109 solumne-

198 1139 279 1207 rurir
301 1143 497 1209 dominum
519 1145 557 1208 et
579 1163 689 1226 quem
712 1142 865 1208 misisti
888 1143 1015 1208 Iesum
1036 1134 1261 1210 Christum’

240 1244 404 1311 Sacrorum
418 1246 634 1312 mandatorum
649 1247 788 1311 ordinem
803 1246 905 1325 scitis,
922 1248 996 1329 quid
1012 1247 1113 1330 sequi,
1130 1246 1205 1328 quid
1220 1247 1326 1331 fugere

198 1349 352 1429 debeatis,
375 1350 548 1416 ueneranda
573 1352 665 1432 atque
685 1348 846 1414 inmortali
861 1366 935 1414 uoce
950 1349 1113 1415 didicistis.
1137 1351 1243 1416 audite
1257 1371 1326 1415 rur·

200 1473 253 1519 sus
269 1454 350 1537 quod
364 1455 489 1519 maneat
504 1454 732 1519 contemnentes
747 1452 893 1530 exitium,
917 1452 1029 1533 quibus
1051 1454 1123 1519 illos
1138 1453 1327 1520 calamitati·

163 1583 190 1621 10
197 1559 255 1624 bus
269 1560 433 1624 necessitas
447 1558 636 1624 uenerandae
650 1558 729 1641 legis
744 1556 973 1621 adstrincxerit:
988 1558 1160 1624 clausulam
1175 1560 1258 1624 enim
1272 1578 1327 1624 ue-

197 1664 401 1729 nerandorum
416 1663 633 1727 mandatorum
647 1662 681 1725 in
694 1661 769 1725 haec
783 1662 880 1726 uerba
906 1660 1045 1745 colligit:
1078 1654 1328 1729 ‘sacrificans
1340 1682 1379 1736 10

198 1768 276 1833 diis
297 1760 564 1833 eradicabitur
585 1767 741 1847 praeter
762 1765 918 1831 domino
942 1755 1037 1831 soli'
1061 1768 1087 1832 si
1108 1768 1209 1832 solum
1231 1769 1328 1833 sacri·

196 1871 304 1956 legum
318 1869 475 1934 hominem
490 1870 655 1934 metuenda
668 1886 765 1950 poena
778 1870 967 1951 percuteret,
991 1869 1019 1935 si
1033 1871 1174 1961 peccanti
1190 1871 1248 1937 soli
1263 1872 1324 1937 mi·

197 1974 322 2038 naretur
337 1971 484 2037 seueritas
499 1970 593 2055 legis,
627 1971 703 2036 bene
730 1990 763 2036 se
785 1973 824 2037 ad
839 1973 1037 2057 sacrilegium
1052 1973 1201 2040 obstinati
1215 1974 1327 2040 furoris

164 2103 189 2141 1:
198 2075 376 2140 temeritate
390 2074 544 2140 firmaret:
559 2094 641 2140 nunc
655 2074 746 2158 stirpi
762 2075 901 2141 minatur
917 2079 948 2143 et
964 2076 1062 2141 soboli
1077 2079 1109 2142 et
1123 2078 1181 2144 hoc
1196 2078 1274 2163 agit,
1289 2097 1328 2143 ne
1395 2094 1397 2099 ·

199 2196 259 2259 qua
273 2195 344 2260 pars
358 2178 538 2259 nequissimi
554 2178 681 2243 seminis
695 2178 903 2261 relinquatur,
926 2199 964 2245 ne
979 2181 1059 2263 quod
1074 2180 1194 2263 profani
1208 2182 1328 2266 generis

199 2281 368 2367 uestigium
383 2284 522 2358 maneat:
544 2272 749 2362 tsacrificans',
774 2283 891 2367 inquit,
914 2277 986 2351 ‘diis
1008 2277 1232 2352 eradicabitur?
1256 2305 1327 2353 con-

198 2384 299 2450 sidera
313 2386 388 2467 quid
403 2404 486 2469 agas,
503 2386 616 2451 misera
629 2406 666 2452 ac
680 2386 821 2452 luctuosa
835 2389 1009 2470 persuasio:
1025 2387 1144 2454 facinus
1154 2390 1246 2454 tuum
1255 2390 1327 2473 plu-

198 2488 293 2553 rimos
312 2490 317 2572 Ι
336 2488 479 2568 damnat,
501 2489 652 2571 plurimos
666 2489 769 2571 perdit
791 2490 822 2553 et
843 2508 1034 2573 peromnem
1050 2492 1256 2558 substantiam
1271 2508 1437 2577 gerohus

163 2591 279 2657 enoris
294 2592 343 2656 tui
358 2591 485 2657 fecunda
499 2610 595 2675 poena
609 2592 771 2658 diuiditur.
796 2611 851 2658 cur
873 2594 979 2658 autem
999 2597 1107 2660 contra
1121 2596 1327 2662 sacrificantes

198 2694 244 2757 sic
258 2694 377 2759 saeuiat
391 2695 550 2760 ordinatae
563 2696 642 2780 legis
657 2697 826 2761 auctoritas
849 2696 881 2760 in
901 2697 1139 2763 Deuteronomio
1160 2700 1326 2765 manifesta
1382 2753 1384 2757 ,

199 2796 424 2881 significatione
437 2799 643 2863 monstratur:
666 2799 712 2863 ita
726 2798 808 2863 enim
823 2798 999 2865 inuenimus
1020 2820 1084 2866 csse
1104 2802 1325 2884 perscriptum:

197 2892 545 2966 ‘sacrificauerunt
566 2901 783 2967 daemoniis
811 2903 849 2967 et
870 2920 941 2967 non
964 2892 1062 2968 Deo'
1090 2924 1128 2970 ne
1154 2905 1194 2970 ad
1221 2908 1326 2971 conta-

199 3004 332 3070 minatos
344 3023 379 3069 ac
390 3004 524 3086 pollutos
536 3006 568 3068 te
579 3003 707 3088 spiritus
718 3006 895 3084 transferas,
911 3026 949 3071 ne
964 3006 1002 3070 ab
1017 3006 1213 3073 inferioribus
1225 3028 1327 3091 speres

164 3106 365 3186 manitilium,
390 3125 428 3172 ne
442 3107 491 3172 his
506 3108 676 3190 supplices,
700 3109 811 3191 quibus
833 3109 893 3175 Dei
913 3110 1016 3193 gratia
1029 3109 1180 3192 imperare
1194 3111 1258 3178 iam
1273 3112 1327 3178 de·

198 3209 261 3273 bes.
286 3228 354 3276 ecce
369 3210 500 3276 daemon
514 3210 573 3275 iste
588 3231 681 3293 quem
696 3213 782 3291 colis,
798 3231 870 3278 cum
885 3212 945 3278 Dei
959 3214 991 3277 et
1006 3211 1122 3280 Christi
1139 3216 1205 3280 eius
1216 3233 1328 3282 nomen
1339 3220 1376 3277 11

199 3313 363 3389 audiuerit,
380 3315 604 3392 contremescit,
629 3316 661 3379 et
686 3317 723 3380 ut
736 3317 1001 3401 interrogantibus
1020 3318 1109 3383 nobis
1134 3321 1325 3402 respondeat,

197 3415 386 3498 trepidantia
400 3416 495 3481 uerba
508 3416 562 3481 uir
573 3418 712 3502 colligit:
727 3420 895 3484 adhaerens
906 3419 1025 3485 homini
1036 3420 1198 3502 laceratur,
1214 3424 1325 3502 uritur,

197 3518 327 3601 uapulat
352 3521 384 3583 et
409 3520 517 3585 statim
543 3520 581 3587 de
606 3522 778 3587 commissis
804 3523 972 3589 sceleribus
988 3524 1158 3592 confitetur.
1182 3546 1220 3593 ne
1246 3528 1327 3593 hunc

298 3742 397 3798 seon.
412 3743 458 3808 17,
472 3744 498 3801 3.
555 3744 593 3802 10
609 3745 812 3811 mensale.
866 3747 905 3804 23
923 3747 1123 3819 Deut.32,17.

249 3932 462 4001 bagnoecantu
542 3934 706 4003 'IfugireP
775 3935 812 3992 10
829 3934 1020 4001 clausulam,
1040 3954 1086 3992 em
1100 3938 1240 4005 Barsine,
1270 3943 1327 3997 uisi

197 4015 292 4071 mala.-
304 4018 451 4073 clausula..
463 4018 602 4089 colligitur
656 4021 693 4078 12
707 4022 887 4092 sacrilegiuP
951 4024 988 4083 15
1006 4040 1074 4078 nunc
1086 4026 1169 4079 ctiam
1181 4027 1262 4097 stirpi
1273 4046 1292 4083 a

199 4101 236 4157 17
255 4100 333 4157 diiP
385 4103 422 4162 19
439 4104 572 4174 perdetP
617 4106 657 4164 23
675 4124 770 4162 neom.
784 4109 826 4177 P,
844 4108 888 4163 bic
905 4108 1017 4164 addidit
1031 4110 1170 4180 Burman,
1189 4120 1254 4181 pact
1271 4114 1326 4184 spi·

197 4185 267 4241 ritus
284 4206 303 4241 a
365 4191 405 4247 24
422 4190 542 4261 pullutos
559 4193 587 4246 P
609 4194 621 4260 ΙΙ
644 4192 678 4247 ab
695 4193 867 4248 inferioribus
879 4210 912 4249 ne
924 4212 943 4250 a
1007 4196 1045 4255 25
1064 4197 1118 4251 iam
1130 4198 1261 4270 imperare
1272 4218 1291 4255 a

197 4271 236 4328 26
253 4272 365 4330 daemon
384 4278 436 4332 iste
457 4278 599 4333 Bursian:
611 4280 734 4334 demones
746 4283 774 4335 te
786 4282 826 4349 P,
845 4281 956 4336 daemon
967 4285 1010 4337 est
1021 4300 1053 4349 c,
1068 4292 1175 4353 puncto
1184 4293 1247 4353 post
1259 4288 1324 4342 colis

191 4359 284 4427 posito
306 4362 318 4428 11
340 4378 435 4417 nomen
446 4381 477 4418 a:
499 4365 605 4419 nomine
623 4366 661 4431 P,
680 4367 788 4421 nomina
800 4368 927 4423 Bersabe
979 4368 1018 4426 27
1037 4370 1218 4425 contremiscit
1227 4372 1287 4427 edd.

197 4443 236 4500 28
247 4444 293 4498 nix
305 4462 333 4499 se
344 4447 452 4518 colligit
463 4466 482 4503 a
