3300 5142
594 523 758 594 Dialogus
775 523 798 589 1,
819 522 938 582 19-21.
1272 526 1333 590 173

207 678 301 746 labat.
327 677 415 744 uirus
429 675 555 744 interim
568 678 670 745 latens
684 680 826 764 serpebat
846 679 879 745 in
898 680 1035 764 pectore,
1057 680 1090 745 et
1104 677 1191 744 cuius
1204 681 1284 744 nutu
1297 696 1334 744 er

208 783 340 848 aliorum
355 781 530 865 corporibus
545 782 707 849 daemones
721 782 925 868 fugabantur,
940 801 973 849 se
986 782 1090 866 ipsum
1105 780 1234 847 occultis
1248 780 1334 865 cogi·

207 885 378 952 tationibns
392 884 542 951 nouitatis
567 903 699 970 purgare
723 903 784 951 non
808 886 938 970 poterat.
971 884 1047 950 totis
1061 884 1170 969 ¹igitur
1193 883 1364 966 precibus?

208 1006 370 1054 conuersus
396 989 436 1054 ad
460 989 561 1054 Deum
587 987 685 1055 fertur
709 1006 824 1068 orasse,
847 990 884 1054 nt
908 988 1059 1072 permissa
1078 988 1111 1053 in
1130 1005 1163 1054 se
1176 985 1334 1053 mensibus

191 1092 342 1176 squinque
356 1089 478 1156 diabolo
492 1091 644 1175 potestate
659 1091 771 1158 similis
786 1091 835 1156 bis
849 1092 956 1170 tieret,
979 1108 1054 1174 quos
1075 1090 1142 1174 ipse
1161 1089 1332 1156 torpuerat.

208 1195 283 1278 quid
309 1193 419 1261 multis
443 1197 565 1260 morer?
586 1193 640 1259 ille
654 1196 849 1280 praepotens,
871 1194 926 1259 ille
939 1194 1037 1279 signis
1051 1194 1150 1276 adque
1164 1191 1365 1261 uirtutibuse

208 1300 274 1365 toto
288 1297 413 1365 Oriente
427 1297 589 1382 uulgatus,
612 1297 666 1363 ille
691 1298 730 1363 ed
756 1298 843 1363 cuins
868 1297 978 1364 limina
996 1297 1102 1380 populi
1122 1298 1194 1362 anto
1219 1293 1334 1361 confiu-

208 1403 329 1481 rerant,
357 1403 395 1467 ad
421 1401 508 1466 cuius
533 1399 613 1466 iores
638 1419 777 1468 summae
801 1401 894 1466 istius
919 1400 1033 1466 saeculi
1053 1419 1085 1465 se
1104 1399 1335 1483 prostrauerant

208 1505 390 1588 potestates,
414 1505 570 1587 correptus
592 1523 611 1570 a
632 1504 778 1570 daemone
797 1506 845 1569 est
865 1504 1002 1570 retentus
1015 1503 1049 1567 in
1063 1501 1209 1568 uinculis:
1232 1500 1336 1568 omnia

175 1633 201 1674 ιο
209 1607 282 1685 illa,
313 1625 391 1690 qnae
418 1607 616 1692 energumeni
649 1607 749 1672 solent
775 1605 872 1690 ferre,
893 1623 1054 1690 perpessus
1076 1605 1183 1689 quinto
1209 1605 1363 1670 domums

208 1728 313 1776 mense
337 1711 487 1795 purgatus
513 1711 560 1775 est
583 1727 644 1775 non
668 1711 793 1775 tantum
819 1709 982 1788 daemone,
1005 1708 1076 1788 sed,
1099 1707 1180 1790 quod
1200 1705 1249 1771 illi
1269 1707 1336 1772 erat

209 1813 318 1879 utilius
333 1813 431 1895 adque
445 1811 596 1895 optatius,
620 1813 767 1879 uanitate.

252 1916 312 1984 Sed
325 1914 405 1982 mihi
424 1915 486 1980 istc
507 1914 669 1998 replicanti
683 1917 790 1981 nostra
804 1915 987 1996 infelicitas,
1010 1918 1117 1983 nostra
1134 1912 1267 1980 occurrit
1286 1911 1335 1976 in-
1345 1921 1386 1986 ιι

209 2020 350 2086 firmitas.
374 2017 443 2102 quis
457 2017 540 2083 enim
554 2019 695 2083 nostrum
709 2018 771 2098 est,
795 2037 886 2102 quem
907 2019 934 2083 si
953 2038 1033 2084 unns
1052 2016 1256 2084 homunculus
1275 2015 1336 2080 hu·

176 2123 295 2190 semilis
310 2120 494 2188 salutauerit
508 2122 563 2187 aut
577 2119 673 2186 fatuis
688 2121 788 2204 adque
802 2121 1001 2188 adulantibus
1021 2120 1124 2187 uerbis
1144 2119 1260 2184 lomina
1273 2136 1336 2184 una

209 2224 396 2304 laudarent,
418 2242 480 2289 non
494 2223 637 2289 continuo
651 2222 751 2290 elatus
767 2223 809 2289 sit
823 2223 980 2306 superbio,
1002 2241 1063 2289 non
1087 2223 1197 2290 setim
1210 2220 1336 2286 inflatus

211 2327 254 2393 sit
278 2328 437 2394 uanitate?
458 2328 510 2406 nt,
536 2326 658 2394 etiamsi
687 2343 747 2392 non
769 2325 883 2392 habeat
907 2325 1123 2392 conscientiam
1152 2323 1335 2402 emetitatis,

211 2433 331 2510 temen,
355 2430 428 2514 quie
442 2430 492 2496 uel
507 2429 675 2495 stultorum
690 2429 868 2496 adulatione
885 2431 941 2496 out
954 2427 1086 2495 sortasse
1099 2445 1199 2494 errore
1213 2427 1336 2492 sanctus

212 2552 277 2600 esse
292 2533 426 2613 dicatu,
448 2533 679 2600 sanctissimum
701 2551 733 2598 se
757 2533 895 2616 putabit!
918 2532 983 2598 iem
1008 2550 1080 2598 uero
1105 2532 1133 2596 si
1157 2532 1186 2597 ei
1210 2539 1368 2596 muneras

178 2657 205 2702 se
213 2638 318 2704 crebra
331 2637 512 2716 mittantur,
529 2634 587 2702 Dei
602 2654 634 2701 se
647 2635 878 2720 magnificentie
894 2637 1014 2703 adseret
1023 2635 1178 2715 honorari,
1202 2633 1252 2699 cni
1267 2632 1337 2697 dor·

206 2737 322 2807 mienti
336 2739 436 2822 adque
450 2738 583 2804 resoluto
603 2739 774 2804 necessaria
795 2738 1000 2806 conferantur.
1025 2739 1134 2822 quodsi
1153 2740 1203 2804 uel
1218 2736 1256 2802 de
1269 2753 1338 2802 mo·

214 2843 281 2908 (lieo
307 2841 336 2907 ei
360 2841 463 2925 aliquo
490 2840 618 2907 uirtutis
644 2841 774 2908 alicuius
799 2841 889 2926 signa
914 2841 1123 2921 succederent,
1146 2840 1292 2926 angelum
1305 2857 1339 2904 se

213 2947 345 3031 putaret.
369 2945 505 3010 ceterum
525 2962 595 3010 cum
615 2963 714 3028 neque
734 2962 823 3027 opere
843 2963 941 3026 neque
960 2944 1078 3010 uirtute
1091 2944 1271 3026 conspicuus
1285 2940 1368 3020 sito

214 3048 241 3112 si
266 3048 335 3132 quis
361 3046 488 3112 clericus
513 3045 608 3113 luerit
633 3046 774 3126 effectus,
797 3047 909 3112 onec
933 3047 1076 3113 motinuo
1101 3046 1238 3112 fimbrias
1257 3062 1338 3124 suas,

214 3151 328 3236 gaudet
343 3149 595 3228 mlutabonibus,
610 3149 736 3215 inflatur
750 3149 940 3228 occursibus,
955 3150 1021 3232 ipse
1035 3150 1131 3216 etiam
1145 3149 1258 3231 ubique
1273 3147 1338 3212 ‹lis-

215 3253 324 3318 ourrit:
347 3253 379 3318 et
399 3253 453 3335 qni
474 3254 564 3318 antee
577 3252 706 3335 pedibus
721 3254 776 3318 aut
790 3252 884 3317 asello
898 3253 943 3318 ire
958 3253 1170 3330 consueuerat,
1192 3266 1370 3333 spumeo-4

214 3356 299 3422 tibus
325 3355 411 3440 equis
437 3355 584 3438 superbus
610 3355 781 3422 inuehitur:
804 3374 900 3438 parua
913 3356 999 3438 prius
1019 3373 1055 3420 ac
1069 3355 1127 3420 uili
1141 3354 1253 3420 cellule
1266 3371 1338 3419 con·

269 3541 284 3598 1
304 3541 391 3596 uirtus
403 3543 431 3598 A
480 3542 501 3598 4
519 3542 650 3597 conuersis
662 3542 689 3595 A
710 3543 722 3611 ll
741 3541 820 3596 (lenm
832 3542 901 3598 BV.-
919 3541 1054 3597 dominum
1065 3541 1138 3598 Are
1198 3543 1216 3602 5
1233 3539 1339 3595 diabolo

215 3627 281 3683 MV
290 3627 347 3698 (secl
363 3629 389 3683 V
397 3627 527 3700 diabulo):
546 3628 646 3683 diaboli
658 3629 731 3684 Ama
791 3628 809 3686 6
827 3644 913 3683 moror
925 3629 994 3684 coci.
1008 3628 1042 3682 oe
1054 3629 1142 3683 Proto
1161 3629 1174 3696 ΙΙ
1193 3628 1240 3682 ille
1253 3626 1339 3696 signis

216 3713 320 3769 ΑΒΜ·
337 3714 385 3769 ille
397 3714 443 3784 qni
456 3714 541 3784 signis
553 3714 599 3771 Fu
666 3713 684 3771 8
701 3716 890 3784 postrauernnt
900 3714 932 3771 F
935 3730 981 3784 pr.
993 3730 1028 3770 m.
1097 3713 1253 3772 crematus
1274 3712 1300 3766 V
1313 3718 1340 3766 et

216 3800 321 3856 Rosea:
337 3803 429 3856 tcntns
449 3799 521 3855 Are
599 3797 637 3856 10
654 3800 819 3870 energumini
838 3800 906 3865 FV,
930 3799 1092 3870 inergumini
1113 3802 1140 3853 A
1159 3800 1171 3866 ΙΙ
1191 3815 1339 3868 perpessus.

217 3885 316 3954 Quinto
328 3904 356 3949 o,
375 3886 626 3955 interpretationem
636 3888 784 3941 uerborum
796 3903 866 3941 corr.
879 3887 913 3941 dr
925 3887 1013 3941 Proto
1068 3885 1104 3942 12
1121 3883 1291 3954 optatiubilis
1307 3883 1338 3948 V,

216 3972 292 4028 corde
303 3971 450 4042 optabilius
462 3971 638 4028 scabendum
649 3971 763 4026 stodor
819 3972 855 4029 13
874 3971 1062 4027 iniedilitasV
1120 3971 1157 4027 14
1174 3970 1341 4024 humiliusB

268 4059 305 4118 15
323 4059 423 4113 femina
450 4073 519 4112 uana
547 4057 603 4112 cluo
633 4058 786 4113 Transeat
861 4057 898 4115 18
916 4058 1029 4112 sortasse
1060 4057 1097 4111 V:
1126 4056 1248 4110 fortassis
1267 4055 1342 4112 AFo

267 4145 306 4203 20
327 4144 525 4214 magnificentia
548 4144 672 4199 ΑΒΝ·
698 4143 880 4198 munificentia
901 4145 932 4198 F
948 4159 1017 4198 corr.
1039 4141 1135 4196 Vlsbri
1152 4141 1209 4197 Gis.
1226 4147 1289 4197 eto
1316 4142 1329 4210 ΙΙ

216 4231 321 4286 adseret
340 4231 441 4286 BMV:
469 4230 564 4284 asserit
587 4228 656 4285 Are
723 4229 762 4286 22
780 4229 805 4284 ei
825 4245 874 4284 om.
900 4229 954 4298 Vl}
974 4227 1088 4282 abcuins
1110 4227 1179 4281 BV:
1196 4244 1245 4282 om.
1268 4226 1343 4282 AFo

268 4317 306 4375 23
318 4333 402 4387 neque
414 4333 491 4386 opere
503 4333 551 4372 orn.
569 4315 596 4370 V
643 4315 680 4375 25
692 4315 844 4370 occursibus
857 4315 895 4370 V:
908 4312 1182 4370 occursionibusAFc
1227 4312 1265 4370 26
1277 4314 1341 4366 ante

215 4403 288 4460 Ama
316 4405 328 4473 ΙΙ
357 4402 542 4474 spumantibus
555 4401 629 4472 equis
641 4401 717 4456 MV:
730 4403 869 4472 spumante
881 4417 947 4471 equo
958 4403 977 4454 3
989 4399 1053 4454 labri
1069 4397 1125 4454 Ges.
1139 4405 1165 4454 ct
1176 4416 1205 4468 o,
1233 4413 1342 4468 spumeo

216 4505 283 4561 equo
295 4489 376 4560 AFQ
