3300 5142
589 548 753 604 Octauius
771 564 792 602 e.
813 546 932 604 18-19.
1284 549 1327 616 25

198 704 377 787 suspiceris,
399 704 428 769 si
443 703 619 781 dominnm,
646 703 802 787 intellegis
817 703 925 786 utique
940 703 1113 769 mortalem.
1137 703 1223 768 aufer
1238 703 1326 768 eddi-

197 808 337 872 tamenta
348 808 509 874 nominum
520 809 552 872 et
562 806 727 889 perspicies
736 807 801 871 eius
809 806 992 872 claritatem.
1010 806 1176 889 quidquod
1188 807 1376 872 omniumll

196 911 236 976 de
257 911 319 976 isto
337 911 433 976 habee
448 913 650 976 eonsensum?
677 909 768 975 audie
783 910 915 994 uulgus:
942 929 1013 975 eum
1028 910 1066 974 ed
1081 909 1201 975 eselum
1216 927 1326 974 manus

196 1013 344 1092 tendunt,
359 1014 439 1079 nihil
453 1013 540 1078 aliud
554 1031 647 1095 quam
662 1001 786 1078 ‘Deum'
799 1013 906 1078 dieunt
921 1014 952 1078 et
965 1005 1061 1078 ‘Deus
1076 1031 1206 1097 magnus
1222 1000 1279 1078 est’
1294 1013 1326 1077 et

161 1141 175 1180 ι
196 1108 291 1182 ‘Deus
311 1099 403 1182 uerus
423 1105 481 1182 est'
503 1118 534 1181 et
553 1108 592 1180 ‘si
612 1117 695 1181 Deus
715 1104 856 1181 dederit'
879 1116 968 1199 uulgi
987 1116 1047 1180 iste
1061 1116 1210 1180 natm-ulis
1226 1133 1325 1182 sermo

196 1222 245 1285 eet
263 1239 303 1285 an
317 1218 484 1284 Ohnstieni
503 1218 675 1284 eonfitentis
696 1218 815 1284 oratio?
843 1219 874 1283 et
889 1219 943 1301 qui
958 1219 1065 1284 leuem
1079 1218 1249 1303 principem
1269 1236 1325 1284 ne·

195 1322 283 1401 lunt,
307 1323 461 1388 falluntur
474 1324 508 1388 in
521 1324 662 1400 nemine,
688 1323 742 1387 sed
757 1323 794 1387 de
808 1341 870 1387 une
884 1323 1037 1405 potestate
1056 1323 1259 1388 consentiunt.

237 1425 341 1492 Audio
352 1428 458 1510 peetus
469 1445 589 1509 queque
602 1446 700 1490 unum
711 1428 832 1509 patrem
843 1426 952 1491 diuum
963 1427 1055 1509 atque
1065 1427 1226 1492 hominum
1236 1445 1324 1508 prae·
1339 1428 1377 1490 19

82 1569 87 1579 ·
195 1527 349 1607 dieentes,
376 1530 408 1594 et
427 1530 524 1594 talem
539 1547 605 1595 esse
624 1529 804 1594 mentalium
817 1530 957 1595 mentem
976 1530 1099 1611 qualem
1123 1549 1232 1613 parens
1258 1549 1324 1595 em·

160 1655 188 1694 ιι
195 1630 283 1696 nium
296 1631 378 1698 diem
390 1632 554 1698 induxerit.
568 1632 643 1715 quid
654 1633 840 1697 Mantuanus
852 1632 962 1698 Maro?
973 1653 1072 1698 nenne
1084 1633 1230 1716 apertius,
1253 1635 1353 1717 pro-2

195 1734 324 1813 nmine
354 1736 459 1800 uerius
477 1735 677 1818 prineipie
700 1735 746 1800 ait
772 1734 921 1801 eaelum
950 1755 992 1800 ee
1020 1737 1146 1800 terres
1172 1738 1203 1800 et
1223 1739 1325 1802 uetere

196 1837 305 1902 mundi
319 1839 459 1903 membra
484 1838 691 1921 spiritus
682 1840 747 1902 nnt
756 1857 796 1903 us
822 1839 943 1904 alite
942 1838 1084 1904 tiniusa
1104 1857 1191 1904 mens
1213 1840 1324 1923 agitet,

194 1940 286 2006 inde
315 1942 513 2006 hominnm
545 1942 811 2024 pecudumque
839 1961 956 2026 genus
988 1943 1020 2008 et
1060 1943 1206 2025 quiequid
1238 1943 1325 2008 uliud

195 2044 400 2111 animalium?
421 2044 505 2110 idem
519 2045 581 2110 alio
595 2045 662 2109 loeo
677 2047 814 2109 mentem
834 2045 930 2111 istam
946 2047 977 2111 et
992 2046 1139 2128 spiritum
1161 2046 1253 2111 deum
1268 2064 1324 2112 ne-

160 2179 185 2218 ιι
194 2151 305 2217 minat.
326 2150 402 2214 haee
416 2149 500 2214 enim
513 2148 608 2213 uerba
626 2150 713 2212 sunt:

584 2251 694 2317 deum
714 2271 879 2335 namque
901 2253 961 2317 ire
982 2272 1049 2335 per
1070 2271 1200 2318 omnes

236 2359 438 2438 terrasque
452 2357 684 2437 tractusque
697 2357 820 2420 maris
836 2355 1059 2439 caelumque
1074 2357 1322 2440 profundum,

236 2461 333 2527 unde
355 2458 526 2524 homines
549 2460 586 2525 et
608 2459 789 2542 pecudes,
819 2459 919 2525 unde
941 2461 1066 2525 imber
1088 2461 1268 2544 et1gnes.

192 2564 268 2646 qnid
278 2563 365 2629 aliud
377 2563 409 2629 et
421 2583 441 2628 a
451 2563 541 2629 nebia
552 2564 636 2629 Deus
647 2583 742 2645 qnam
751 2581 839 2627 mens
850 2564 882 2629 et
893 2565 972 2629 ratio
984 2565 1015 2628 et
1026 2564 1154 2646 spiritus
1165 2565 1351 2646 praediea-3

155 2691 184 2732 ιο
192 2669 266 2732 tur?
277 2685 496 2745 recenseamus,
509 2666 658 2749 siplaeet
670 2665 868 2748 disciplinam
879 2667 1143 2750 philosophum:
1156 2667 1323 2750 deprehen-

191 2770 246 2835 des
260 2789 326 2848 θοι,
353 2771 412 2835 etsi
427 2769 618 2835 sermonibus
632 2769 742 2846 uariis,
768 2769 845 2851 ipsis
860 2772 966 2835 temen
981 2771 1070 2836 rebus
1085 2771 1119 2836 in
1134 2771 1213 2836 hane
1228 2791 1322 2837 unam

192 2873 272 2938 seire
283 2875 315 2938 et
325 2873 498 2955 conspirare
509 2872 702 2958 sententiam.
716 2872 828 2937 omitte
839 2872 909 2938 illos
922 2873 1012 2940 rudes
1028 2875 1059 2940 et
1074 2875 1203 2954 ueteres,
1220 2875 1273 2957 qui
1284 2875 1352 2944 des

190 2977 255 3041 suis
270 2977 363 3042 <lictis
378 2977 531 3060 sapientes
546 2994 611 3040 esse
626 2978 814 3040 meruerunt.
842 2976 885 3039 sit
900 2975 1012 3041 Thales
1027 2977 1166 3042 Milesius
1181 2978 1322 3042 emnium

190 3080 319 3162 primus,
332 3079 386 3162 qui
396 3079 515 3162 primus
526 3077 666 3144 emnium
674 3078 713 3143 de
724 3078 907 3144 caelestibus
917 3080 1098 3162 disputauit.
1111 3081 1138 3144 is
1149 3082 1253 3146 eutem
1259 3081 1321 3146 Mi·

294 3300 330 3356 11
344 3300 486 3354 seeundum
497 3301 561 3354 Aen
575 3301 621 3364 VL
636 3301 695 3357 724
707 3317 763 3369 sqq.
809 3301 845 3358 16
858 3302 953 3371 Geerg.
963 3301 1029 3368 1111,
1043 3303 1099 3359 221
1114 3319 1153 3372 eq.
1203 3302 1239 3360 18
1252 3303 1318 3358 Aen.

189 3385 211 3450 1,
226 3385 289 3443 743.
343 3386 382 3442 20
399 3401 456 3454 sqq.
469 3402 501 3439 ex
513 3385 566 3440 cie.
579 3386 612 3440 de
623 3386 693 3441 deur.
706 3389 762 3441 nst.
776 3387 797 3451 1,
811 3404 831 3442 u
848 3387 886 3445 10
898 3403 954 3459 sqq.

241 3572 260 3630 3
277 3572 309 3626 de
322 3572 395 3627 histo
408 3574 437 3627 P
446 3580 512 3627 aute
524 3591 653 3629 rasurum
674 3579 687 3645 ΙΙ
712 3576 776 3630 sudi
793 3577 899 3646 Venae,
917 3585 948 3633 ut
960 3579 995 3646 es.
1012 3581 1094 3649 Gypr.
1108 3579 1142 3634 ele
1153 3579 1190 3633 iu.
1204 3597 1271 3634 unu.
1285 3583 1318 3634 9:

189 3658 243 3713 dici
253 3659 404 3727 frequenter
413 3657 547 3714 eudimus:
565 3661 668 3715 edens!
686 3665 715 3716 et
725 3662 789 3716 dens
799 3663 874 3717 uidet
884 3671 931 3719 ets.
986 3667 1004 3726 5
1017 3665 1061 3719 dm
1074 3683 1153 3720 uerna
1165 3667 1193 3720 P
1204 3683 1273 3720 corr.
1287 3668 1320 3722 iu

188 3733 238 3798 dns
250 3761 329 3799 uerus
341 3747 405 3814 (pre
417 3733 448 3801 ds
461 3747 550 3818 uerus)
602 3747 697 3804 8andi
709 3749 828 3803 Vrsinus
890 3750 928 3807 10
939 3751 1010 3805 diem
1022 3751 1157 3806 induxerit
1169 3751 1319 3807 Duuisius:

188 3830 259 3885 diem
280 3831 386 3886 duxerit
406 3833 445 3898 P,
465 3832 529 3887 dens
550 3833 713 3889 induxeritr
783 3836 817 3891 11
836 3835 946 3890 uerius?
963 3837 1100 3907 Principio
1112 3837 1173 3894 edd.
1197 3838 1209 3904 ΙΙ
1232 3853 1263 3891 ae
1276 3837 1318 3892 P:

188 3919 243 3970 etr
295 3918 333 3974 13
351 3918 477 3997 quiequid
489 3919 572 3972 alitur
584 3919 665 3974 anim.
679 3921 772 3974 Veuet
784 3921 859 3988 Spes.
875 3926 928 3976 140
981 3924 1018 3982 15
1036 3924 1119 3978 uerba
1131 3923 1250 3978 Vrsinus
1261 3923 1319 3992 (sed

186 4003 231 4058 uu
242 4004 304 4058 siue
312 4021 398 4059 causa
410 4005 467 4059 eius
478 4006 584 4076 nerba):
602 4023 666 4060 uere
678 4007 721 4061 Pr
775 4007 811 4064 18
830 4007 898 4062 unde
911 4008 1047 4063 hominum
1064 4025 1148 4078 genus
1167 4011 1195 4063 et
1207 4008 1318 4078 pecudes

190 4089 329 4159 Verpslius
341 4091 410 4145 Asu.
424 4096 449 4160 1,
463 4096 532 4159 743‚·
545 4093 577 4146 iu
594 4091 689 4163 Geerp.
704 4097 731 4161 4,
743 4097 803 4148 223
814 4096 854 4150 sic
862 4097 970 4165 perpet:
984 4095 1046 4149 hinc
1058 4095 1177 4165 pecudes,
1188 4097 1318 4162 armentu,

186 4175 266 4240 uires,
291 4193 375 4246 genus
386 4193 462 4231 omne
473 4177 589 4231 serarum
601 4184 647 4232 etc.
715 4178 752 4236 19
765 4179 840 4234 aliud
855 4183 883 4234 et
897 4181 936 4234 P:
956 4180 1030 4234 aliud
1050 4198 1066 4234 r
1089 4183 1100 4250 ΙΙ
1124 4181 1149 4250 a]
1168 4181 1201 4236 ed
1213 4183 1242 4236 P
1252 4188 1319 4237 aute

186 4277 316 4318 rasuram
385 4263 425 4320 20
436 4263 593 4334 disciplinas
610 4265 763 4320 Heumann
821 4267 859 4324 21
878 4267 966 4321 uarios
978 4269 1071 4322 malim
1129 4268 1168 4324 23
1189 4267 1218 4322 Si
1248 4267 1319 4322 Thu-

185 4348 226 4402 lee
247 4365 263 4402 r
313 4351 351 4407 24
367 4352 471 4420 primus
488 4353 606 4406 omnium
617 4353 691 4407 obelo
710 4355 822 4408 uetuuit
843 4369 939 4409 semor
955 4349 1066 4422 tulf.
1087 4355 1189 4410 Peius.
1204 4372 1230 4409 u.
1244 4355 1317 4410 tutia

189 4433 278 4488 Tteel.
293 4440 334 4500 13,
348 4441 401 4490 170
423 4439 436 4505 Η
458 4436 610 4506 disputabit
622 4439 660 4492 P¹
683 4440 696 4506 ΙΙ
719 4439 743 4491 is
755 4441 846 4493 antem
862 4440 982 4496 Vatleu:
1001 4439 1086 4494 isdem
1099 4441 1138 4505 P,
1157 4440 1228 4494 idem
1246 4457 1274 4504 r;
1293 4441 1318 4496 is

185 4534 274 4573 rerum
291 4521 468 4576 E'tmeuterst
486 4523 581 4578 deletis
592 4525 685 4580 uerbis
697 4524 818 4579 milesius
831 4525 920 4580 thales
