3300 5142
305 506 348 572 28
712 500 854 554 Minucii
873 499 1001 552 Felicis

305 659 435 726 difficile
448 677 520 741 prae
534 658 677 724 nimiast
691 655 866 722 incredibili
881 656 1048 738 potestate,
1075 655 1107 720 et
1122 673 1193 719 cum
1207 653 1375 731 inueneris,
1399 651 1432 718 in

256 780 295 835 15
305 763 467 848 publicum
481 762 581 826 dicere
595 759 775 843 inpossibile
789 758 955 842 praefatur.
980 757 1087 823 eadem
1102 755 1165 822 fere
1180 757 1252 822 sunt
1267 755 1337 834 ista,
1354 774 1432 838 quae

305 868 412 932 nostra
423 868 513 930 sunt:
528 885 603 930 uam
617 867 649 929 et
660 864 762 929 Deum
772 862 917 928 nouimus
932 863 963 929 et
974 863 1133 943 parentem
1148 859 1286 925 omnium
1299 859 1431 924 dicimus

304 972 337 1036 ot
351 987 522 1052 numquam
536 966 660 1050 publice
673 966 742 1032 nisi
749 965 931 1050 interrogati
946 965 1168 1048 praedicamus,

253 1087 296 1148 20
347 1073 484 1156 Exposui
498 1071 653 1154 opiniones
667 1070 803 1134 omnium
821 1069 918 1134 ferme
932 1068 1198 1151 philosophorum,
1221 1066 1333 1148 quibus
1348 1065 1432 1130 inlu·
1454 1089 1466 1130 ι

305 1177 398 1242 strior
412 1175 591 1260 gloriaest,
607 1175 710 1239 Deum
724 1193 822 1239 unum
837 1173 947 1238 multis
962 1172 1035 1236 licet
1053 1171 1229 1256 designasse
1243 1168 1431 1245 nominibus,

304 1281 342 1345 ut
352 1279 456 1361 quiuis
467 1278 645 1355 arbitretur,
660 1278 716 1341 aut
726 1295 806 1342 nuno
817 1274 1006 1342 Christianos
1015 1273 1211 1357 philosophos
1224 1289 1288 1338 esse
1299 1269 1432 1354 autplri-

275 1381 551 1465 alosophoefuisae
561 1380 625 1445 iam
636 1382 711 1444 tunc
722 1378 921 1444 Christianos.
949 1378 1073 1461 quodsi
1090 1377 1284 1460 prouidentia
1298 1374 1433 1441 mundus

303 1487 425 1569 regitur
435 1486 467 1551 et
473 1484 628 1550 uniusDoi
637 1485 717 1548 nutu
724 1483 923 1566 gubernatur,
931 1501 1052 1547 nonnos
1061 1481 1152 1546 debet
1163 1479 1333 1561 antiquitas
1345 1480 1433 1561 inpe-

303 1589 436 1654 ritorum
450 1587 572 1654 fabellis
587 1587 651 1652 suis
666 1587 819 1652 delectata
832 1586 884 1651 uel
895 1586 985 1668 capta
1005 1585 1045 1650 ad
1060 1603 1193 1650 errorem
1204 1583 1307 1648 mutui
1326 1600 1433 1666 rapere
1442 1605 1468 1646 lo

304 1710 555 1769 cousensus,cum
565 1688 816 1772 philosophorum
829 1707 953 1754 suorum
965 1689 1126 1754 sententiis
1136 1687 1305 1766 refellatur,
1320 1687 1433 1770 quibus

273 1814 293 1869 3
305 1797 337 1860 et
350 1795 478 1860 rationis
489 1795 521 1859 et
535 1793 702 1858 uetustatis
717 1791 843 1857 adsistit
855 1792 1031 1856 aucwntas.
1043 1792 1212 1857 maioribus
1224 1791 1307 1856 enim
1318 1792 1433 1856 nostris

303 1900 370 1963 tam
381 1897 482 1962 facilis
494 1894 701 1961 inmendaciis
712 1894 789 1960 fides
798 1894 869 1973 fuit,
883 1897 919 1960 ut
927 1897 1043 1960 temere
1052 1895 1238 1960 crediderint
1249 1895 1344 1960 ctiam
1355 1895 1434 1961 talia

304 2002 497 2066 monetmosa
516 2000 683 2066 miracula:
700 1997 836 2082 Scyllam
857 1997 1078 2081 multiplicem,
1104 1996 1300 2064 chimaeram
1321 1998 1433 2063 multi·

303 2103 435 2168 formem
446 2104 478 2167 et
491 2103 634 2186 Hydram
646 2102 789 2168 felicibus
801 2100 981 2166 uulneribus
997 2102 1206 2166 renascentem
1223 2103 1253 2166 et
1265 2099 1432 2168 Cantemus
1442 2130 1466 2170 ιε

242 2241 249 2248 -
304 2224 397 2289 equos
412 2207 476 2270 suis
498 2205 675 2271 hominibus
690 2206 844 2288 inplexos,
870 2207 901 2270 et
919 2205 1067 2288 quicquid
1088 2203 1189 2270 famae
1211 2206 1284 2270 licet
1305 2205 1431 2290 fingere,

251 2298 259 2312 '
274 2309 368 2375 sillia
383 2312 450 2376 erat
463 2309 595 2374 libenter
609 2309 725 2375 audire.
742 2309 816 2391 quid
839 2308 910 2374 illas
931 2308 1028 2374 aniles
1043 2308 1177 2386 fabulas,
1199 2309 1237 2373 de
1254 2309 1432 2376 homiuibus

298 2433 377 2480 aues
392 2416 424 2479 et
437 2413 537 2492 feras,
562 2412 737 2494 †hominea
757 2414 790 2477 et
811 2413 849 2477 de
871 2411 1046 2477 hominibus
1067 2413 1189 2477 arbores
1208 2415 1302 2495 atque
1316 2411 1433 2478 flores?

302 2537 381 2600 quae
395 2518 422 2582 si
437 2518 539 2583 essem
553 2518 644 2595 facta,
661 2516 783 2582 fierent:
799 2515 873 2598 quia
888 2515 954 2580 fieri
969 2533 1030 2581 non
1041 2517 1178 2599 possunt,
1194 2516 1262 2581 ideo
1276 2534 1332 2581 nec
1348 2516 1433 2582 facta

273 2623 384 2695 esunt.
397 2622 571 2703 similiter†
583 2639 619 2686 ao
630 2637 703 2686 uero
716 2639 790 2704 erga
801 2621 873 2685 deos
886 2639 1004 2702 quoque
1015 2621 1146 2685 maiores
1158 2619 1255 2684 nostri
1266 2620 1432 2701 inprouidi,
1442 2637 1468 2680 so

303 2723 420 2788 creduli
435 2724 506 2788 rudi
515 2723 717 2807 simplicitate
732 2723 941 2789 crediderunt:
958 2724 1033 2788 dum
1047 2741 1135 2808 reges
1150 2741 1221 2787 suos
1237 2724 1343 2788 colunt
1357 2724 1432 2790 reli-

356 2998 372 3054 1
391 2996 525 3051 inueneris
537 3014 566 3051 r:
586 2996 716 3052 inueniris
728 2998 763 3064 P,
777 3013 846 3052 corr.
859 3014 893 3051 m.
907 2999 926 3050 2
938 2997 970 3050 ia
982 2995 1115 3050 inuenires
1169 2996 1321 3065 2prolatur
1333 2998 1432 3051 Meur-

301 3084 360 3138 sr'us
383 3085 395 3152 ΙΙ
417 3084 472 3137 fere
485 3085 548 3137 sunt
559 3066 608 3154 (εἷ)
619 3085 674 3138 ista
684 3084 798 3151 scripsi:
825 3082 879 3136 iere
897 3084 924 3135 ct
941 3083 995 3137 ists
1007 3085 1057 3148 Pr,
1076 3084 1130 3137 fore
1148 3083 1203 3137 ista
1221 3099 1289 3152 quae
1301 3086 1329 3137 et
1340 3086 1433 3138 nostra

301 3172 367 3224 sunt
388 3169 506 3224 Vrsinus
580 3172 723 3240 topioncs
741 3187 763 3223 o.
782 3169 800 3223 f.
819 3169 1008 3237 filosophorum
1031 3173 1058 3222 P
1133 3169 1150 3226 6
1169 3169 1246 3223 deum
1264 3199 1297 3208 -
1317 3169 1432 3224 nomini·

301 3254 353 3310 bus
374 3255 520 3310 delendam
537 3257 660 3310 ccraaebct
681 3257 834 3310 Heumann
898 3255 916 3312 7
935 3255 1076 3325 filosophos
1097 3257 1164 3324 (bis)
1186 3257 1222 3324 P,
1240 3258 1305 3310 item
1324 3273 1351 3310 aa.
1365 3261 1398 3310 11

303 3341 344 3398 10
359 3327 552 3406 delectata⁴uel
569 3342 641 3396 obelo
661 3343 772 3396 notauit
791 3341 942 3410 Dcutre'oa,
963 3341 1056 3396 dslsct
1077 3344 1104 3395 et
1115 3342 1224 3410 Herem„
1238 3343 1333 3410 poluit
1350 3343 1433 3398 doum

301 3427 347 3480 uel
368 3430 447 3494 capta
468 3444 502 3480 ex
521 3429 680 3497 ploseemctc
700 3428 770 3482 addi
789 3427 935 3496 (delectata
951 3428 1027 3481 uelut
1043 3429 1134 3496 captos
1151 3428 1242 3484 Vouclc
1254 3429 1288 3482 L.
1302 3429 1334 3482 L.
1350 3429 1399 3496 66)

304 3512 342 3570 13
360 3513 429 3566 talia
444 3513 730 3582 Vocck(Spec.141):
748 3514 803 3568 alia
816 3515 860 3568 Pr
925 3514 962 3570 14
980 3516 1146 3567 monstruosa
1164 3513 1293 3570 muscula
1310 3531 1340 3567 r:
1359 3530 1433 3568 mou·

302 3601 410 3652 struosa
418 3599 488 3652 mira
496 3599 673 3667 miraculaP;
684 3601 719 3667 cs.
733 3601 821 3654 micale
833 3601 934 3654 uitium
943 3603 989 3668 36,
1002 3603 1019 3653 5
1035 3601 1047 3667 ΙΙ
1063 3599 1208 3654 chimeram
1215 3600 1257 3654 Pr
1302 3599 1340 3657 16
1352 3615 1436 3669 equos

302 3685 380 3754 [suis]
409 3685 561 3739 hominibus
588 3686 738 3750 Wowerue,
782 3685 855 3740 idem
887 3701 967 3754 equos
993 3685 1212 3740 semihominibus
1241 3687 1379 3742 coniciens
1409 3688 1423 3754 ΙΙ

300 3771 418 3826 licetP:
445 3772 514 3825 libet
534 3773 686 3826 Herculanea
762 3773 798 3828 17
816 3772 965 3826 libentibus
977 3773 1129 3826 Heumann
1158 3773 1170 3840 ll
1199 3772 1263 3826 illae
1284 3789 1307 3826 a.
1325 3772 1434 3827 fabulae

300 3857 400 3912 Helene
414 3858 473 3913 coll.
482 3875 512 3926 p.
526 3861 572 3926 32,
586 3861 603 3912 5
671 3858 708 3915 18
726 3858 847 3912 homines
860 3859 914 3922 Pr,
933 3873 1023 3911 omnes
1037 3857 1171 3925 Scheffcr,
1191 3858 1311 3912 homines
1331 3859 1434 3914 deleuit

300 3944 444 4008 Ltodner,
460 3944 492 3997 de
505 3943 570 3998 ieris
583 3944 862 4009 nominenumine,
881 3944 1014 3998 nerninem
1025 3944 1116 3999 Vocet
1128 3945 1161 3998 L.
1175 3945 1208 3998 L.
1218 3961 1248 4012 p.
1262 3949 1314 4011 56;
1333 3951 1432 4000 centra

301 4029 467 4098 deceperas
482 4032 515 4084 ic
532 4031 611 4084 Meae.
635 4029 758 4085 Obsercv.
780 4033 801 4084 1
812 4031 899 4084 acrba
910 4030 1031 4083 homines
1043 4031 1072 4082 et
1083 4029 1115 4083 de
1128 4029 1281 4084 hominibus
1294 4031 1369 4086 obelo
1380 4047 1432 4086 rao-

300 4116 391 4182 toos'l5
410 4117 487 4186 nobis
499 4117 532 4171 ira
543 4122 659 4170 arealem
670 4118 764 4170 uenit:
783 4116 815 4170 de
828 4115 981 4170 hominibus
994 4133 1057 4170 aues
1069 4119 1096 4169 ct
1108 4115 1192 4181 feras,
1206 4117 1287 4170 immo
1300 4119 1328 4172 at
1339 4115 1372 4171 de
1385 4116 1433 4172 ho-

299 4201 419 4255 minibus
429 4202 535 4256 arbores
545 4201 732 4270 atqueflores?
781 4201 818 4259 19
837 4201 901 4271 qnia
914 4203 952 4256 P:
972 4218 1039 4271 quac
1052 4219 1067 4256 r
1091 4205 1102 4271 ΙΙ
1125 4217 1178 4256 non
1199 4204 1226 4257 P
1236 4219 1257 4258 a.
1271 4205 1287 4258 l.
1298 4203 1348 4257 sed
1360 4221 1378 4256 u
1386 4219 1432 4271 pr.

298 4304 387 4342 uranu
439 4286 479 4343 20
496 4287 623 4341 similiter
635 4303 665 4340 ac
678 4303 741 4341 nero
752 4289 795 4342 Pr
806 4295 950 4356 σωτηρίη
970 4289 1099 4342 similitor
1116 4304 1178 4342 uero
1195 4289 1325 4354 Vrsinus,
1346 4289 1433 4344 simili

298 4388 389 4426 errore
401 4374 566 4437 Heracome,
594 4373 722 4427 similiter
744 4374 808 4428 adeo
835 4375 940 4428 Vahlen
960 4376 972 4441 ΙΙ
993 4373 1139 4443 improuide
1157 4374 1259 4430 creduli
1279 4375 1433 4430 Heumann

298 4459 359 4513 coll.
373 4476 394 4514 c.
408 4463 451 4528 14,
465 4463 483 4513 6
499 4459 605 4514 incaute
620 4458 721 4514 creduli
774 4461 811 4517 21
825 4459 941 4515 credulis
953 4461 981 4514 P
992 4466 1057 4515 ante
1069 4476 1198 4515 rasuram
