3300 5142
626 523 739 580 Chron.
757 525 779 590 I,
798 522 918 586 53-54.
1285 533 1329 600 55

254 679 545 748 IntereoSedecbias
565 698 616 745 res
639 680 747 746 turbae
760 680 897 760 inutilis,
923 700 1108 765 quamquam
1122 685 1187 750 sine
1200 685 1328 767 uiribus,
1339 686 1378 749 51

212 784 306 850 infido
320 783 441 868 ingenio
456 784 488 850 et
501 783 560 848 Dei
574 783 745 862 immemor,
772 783 825 865 qui
840 801 900 849 non
914 783 1104 870 intellegeret
1118 787 1329 870 captiuitatem

212 887 251 952 ob
266 887 379 952 delicta
391 887 492 971 gentis
506 885 641 964 illatam,
662 886 823 968 postremis
838 887 967 970 deniqne
987 888 1077 953 malis
1091 889 1227 970 debitus,
1248 891 1330 975 regis

212 991 350 1056 animum
365 989 500 1055 offendit.
515 988 561 1053 ita
575 989 603 1054 ei
617 989 686 1071 post
699 1006 811 1054 nouem
824 1006 917 1054 annos
926 989 1200 1057 Nabuchodonosor
1213 992 1330 1058 bellum

189 1093 334 1171 rintulit,
362 1092 611 1174 compulsumque
633 1092 713 1156 intra
734 1108 838 1156 muros
865 1090 1025 1176 confugere
1049 1093 1179 1158 triennio
1200 1095 1328 1160 obsedit.

211 1215 272 1278 qua
285 1195 466 1277 tempestate
480 1193 670 1260 Hieremiam
684 1193 872 1277 prophetam,
893 1199 946 1277 qui
960 1195 1023 1260 iam
1037 1196 1156 1277 saepius
1170 1196 1357 1266 immineres

67 1336 69 1339 v
211 1298 281 1363 urbi
301 1297 513 1380 captiuitatem
526 1297 795 1379 menuntiauerat,
818 1297 964 1390 consulit,
986 1297 1102 1380 siquid
1117 1299 1180 1381 spei
1203 1298 1330 1365 forsitan

210 1400 389 1483 superesset.
422 1399 475 1464 sed
502 1399 556 1464 ille
583 1399 722 1464 caelestis
749 1399 812 1464 irm
832 1417 894 1464 non
913 1400 1053 1486 ignarus,
1081 1401 1186 1466 eodem
1212 1402 1331 1484 saepius

210 1503 430 1587 interrogatus,
452 1501 621 1585 respondit,
645 1501 704 1584 ipsi
723 1501 790 1586 regi
810 1501 973 1584 specialem
992 1521 1120 1586 poenam
1140 1504 1330 1569 denuntians.

175 1630 201 1670 u
209 1606 279 1670 tum
293 1603 536 1704 ueroOSedochias
550 1604 583 1670 in
597 1605 676 1669 iram
688 1605 838 1670 excitatus
848 1605 932 1670 trudi
942 1604 1121 1688 prophetam
1135 1606 1168 1671 in
1182 1615 1360 1672 carcerems

209 1708 311 1773 iubet:
326 1725 455 1789 moxque
470 1726 541 1772 eum
555 1707 687 1772 crudelis
701 1706 776 1774 facti
789 1707 902 1792 piguit,
922 1709 976 1774 sed
990 1709 1207 1774 obsistentibus
1221 1709 1332 1774 Iudae-

210 1829 298 1875 orum
311 1808 515 1892 pn'ucipibus,
531 1809 642 1891 quibus
656 1810 719 1875 iam
734 1809 804 1875 inde
819 1810 998 1893 aprincipio
1017 1810 1112 1877 moris
1126 1811 1227 1877 fuerat
1239 1811 1333 1877 bonos

209 1930 360 1995 promere,
382 1912 538 1978 absoluere
563 1912 753 1978 innocentem
772 1930 841 1978 non
857 1932 958 1978 ausus.
984 1914 1083 1980 isdem
1102 1914 1280 1999 cogentibus
1294 1914 1363 1983 int

210 2015 312 2080 locum
325 2014 457 2080 inmensi
470 2015 614 2096 profundi
625 2033 774 2097 caenoque
789 2033 824 2080 ao
838 2016 978 2081 sordibus
988 2019 1080 2098 atque
1089 2035 1126 2082 ex
1136 2035 1172 2082 eo
1183 2015 1334 2082 exitiabili

175 2141 200 2181 ιι
210 2117 323 2183 foetore
337 2116 495 2182 horridum
507 2117 659 2183 demissus
673 2119 729 2196 est,
737 2119 773 2182 ut
787 2136 824 2183 ne
839 2119 972 2200 simplici
982 2119 1108 2201 quidem
1120 2120 1219 2184 morte
1233 2119 1333 2201 exspi-

210 2219 299 2286 raret.
308 2221 419 2285 sedrer
425 2220 499 2284 licet
505 2219 629 2302 impius,
636 2220 791 2302 aliquanto
798 2221 903 2286 tamen
910 2221 1116 2286 sacerdotibus
1124 2220 1239 2300 mitior,
1245 2221 1334 2286 educi

211 2322 390 2407 prophetam
401 2324 439 2388 de
453 2323 522 2388 lacu
537 2323 568 2388 et
582 2323 709 2388 carceris
720 2323 876 2388 custodiae
889 2323 976 2388 reddi
991 2323 1085 2388 iubet.
1100 2323 1217 2388 interea
1230 2323 1361 2388 obses-5

211 2443 260 2490 sos
273 2425 322 2490 uis
337 2425 473 2490 hostium
487 2426 519 2490 et
532 2426 658 2508 penuria
671 2427 810 2510 urgebat,
831 2427 1077 2509 consumptisque
1091 2425 1242 2504 omnibus,
1257 2444 1334 2508 quoe

211 2528 316 2594 mandi
329 2529 478 2611 poteraut,
493 2527 590 2594 fames
604 2528 790 2594 innaluerat:
811 2529 857 2594 ita
871 2528 998 2596 defessis
1011 2529 1112 2594 inedie
1126 2527 1334 2594 defensoribus

176 2653 203 2696 so
211 2631 358 2714 oppidum
377 2633 501 2713 captum
515 2631 740 2714 incensumque.
763 2651 830 2710 rex,
852 2633 890 2696 ut
902 2631 1049 2714 propheta
1063 2632 1194 2710 dixerat,
1216 2631 1334 2696 effossis

211 2733 307 2798 oculis
322 2733 511 2816 Babplouam
524 2734 705 2812 translatus,
726 2734 900 2800 Hieremiae
919 2734 1128 2800 misericordia
1145 2733 1251 2799 hostili
1266 2752 1333 2799 car·

212 2854 279 2902 cere
292 2836 458 2918 exemptus.
480 2855 551 2901 cunr
565 2856 636 2903 eum
650 2837 865 2916 Nabunardan,
885 2837 1024 2920 princeps
1037 2837 1154 2921 regine,
1174 2835 1361 2919 captiuume

212 2956 283 3004 oum
298 2938 404 3003 ceteris
419 2939 551 3018 duceret,
564 2939 664 3004 delata
677 2939 738 3004 sibi
752 2940 873 3021 optione
887 2941 925 3004 ab
940 2941 1102 3019 eo,ut1um
1112 2940 1146 3005 in
1159 2939 1223 3004 solo
1233 2938 1332 3021 patrio

211 3042 330 3106 deserto
342 3041 535 3124 desolatoque
546 3042 710 3106 subsistere
720 3061 760 3106 au
770 3060 875 3107 secum
885 3042 969 3108 abire
981 3042 1014 3107 in
1025 3042 1154 3108 summis
1168 3040 1332 3106 honoribus

177 3165 202 3208 aa
212 3144 315 3222 uellet,
330 3143 461 3208 residere
474 3144 507 3209 in
520 3145 620 3226 patria
633 3144 753 3209 meluit.
779 3145 1053 3211 Nabuchodonosor
1067 3144 1197 3209 abducto
1210 3142 1359 3226 populea

211 3245 341 3310 residuis
356 3263 431 3328 quos
445 3245 520 3312 belli
534 3247 667 3312 conditio
678 3247 728 3312 uel
740 3247 869 3329 praedae
883 3246 1042 3312 fastidium
1056 3245 1188 3330 relinqui
1201 3265 1221 3310 a
1234 3246 1332 3311 uicto-

212 3348 297 3414 ribus
319 3348 446 3428 fecerat,
475 3348 635 3415 (lodoliem
661 3351 798 3416 eiusdem
819 3349 921 3434 gentis
941 3349 1115 3432 praeposuit
1134 3349 1247 3432 absque
1268 3347 1334 3412 ullo

212 3451 327 3536 insigni
346 3451 430 3534 regio
450 3454 505 3517 aut
518 3451 640 3534 imperii
655 3453 792 3532 nomine,
807 3452 881 3535 quia
893 3471 1030 3535 praeesse
1043 3453 1147 3535 paucis
1161 3453 1194 3518 et
1207 3449 1333 3516 calami-

212 3553 288 3619 tosis
302 3553 388 3619 nulla
403 3554 537 3638 dignitus
553 3556 626 3620 erat.

316 3739 355 3797 10
370 3741 424 3795 Jcr.
443 3740 481 3798 37
500 3757 556 3810 sqq.
593 3741 686 3798 131v
704 3741 767 3810 ch.
787 3739 836 3798 25:
851 3738 880 3792 11
897 3741 958 3795 Par.
977 3740 1023 3798 36.

262 3893 283 3949 4
300 3910 393 3948 nouem
413 3895 441 3948 b:
459 3910 523 3948 nm.
547 3895 586 3962 P,
612 3897 647 3963 cf.
666 3895 712 3949 IV
727 3895 793 3964 Rep.
811 3896 857 3962 25,
869 3898 892 3947 1.
956 3893 974 3952 6
992 3893 1135 3950 deremiam
1150 3895 1166 3948 b
1190 3893 1202 3960 ΙΙ
1226 3892 1334 3961 quiam

212 3979 318 4048 saepius
334 3981 363 4034 P
413 3981 431 4037 7
449 3980 582 4034 consuluit
592 3981 708 4035 mdabat
719 3980 753 4033 de
765 3981 854 4034 Proto
917 3979 955 4037 10
971 3995 1073 4034 carcme
1084 3980 1113 4034 P
1175 3977 1212 4035 13
1229 3993 1280 4030 non
1292 3978 1335 4032 cst

213 4065 319 4120 aususb
342 4068 354 4134 ΙΙ
376 4064 480 4120 hisdem
492 4067 520 4120 P
584 4065 621 4122 14
639 4066 794 4134 coenoqucb
863 4065 900 4122 16
918 4064 1082 4134 principibus
1098 4063 1189 4118 mitior
1210 4063 1335 4118 Voretisoe

212 4151 282 4205 corat.
332 4151 369 4209 19
387 4152 467 4206 famis
478 4153 507 4207 P
551 4151 589 4208 21
607 4149 759 4205 babilonem
772 4151 800 4205 P
850 4149 889 4207 22
900 4150 1077 4206 Nabnrardnu
1087 4150 1142 4204 Pb:
1159 4147 1334 4204 Nobuzardan

212 4237 316 4306 aliquot
328 4237 402 4292 editt.
413 4239 577 4306 posteriores
628 4237 666 4294 26
684 4236 739 4305 uel]
750 4237 789 4290 stc
800 4237 841 4304 P,
854 4252 913 4290 aon
924 4240 964 4301 ct,
982 4242 1014 4291 at
1025 4235 1067 4290 ott
1076 4235 1111 4290 de
1122 4236 1210 4290 Proto
1225 4236 1237 4303 ll
1253 4233 1335 4288 relin-
1393 4269 1398 4281 .

213 4322 260 4391 qui
272 4324 313 4392 P,
330 4330 363 4378 ot
374 4323 443 4378 corut
463 4322 603 4378 (licelinus
614 4329 641 4377 ct
652 4321 795 4392 Sipontum
813 4321 912 4390 reliqui
928 4321 944 4375 b
1006 4319 1044 4378 28
1061 4321 1192 4391 praeesse]
1203 4335 1295 4391 praece
1307 4319 1335 4372 P

212 4408 275 4476 (pro
297 4409 401 4478 praeeo)
480 4408 519 4466 29
542 4411 607 4463 crat.
626 4421 756 4462 nxrrnorn
773 4395 899 4462 menon?
920 4395 1105 4462 cunomoonu
1119 4421 1204 4462 mss
1221 4418 1333 4460 murs.

213 4507 321 4548 rnorrrr
339 4509 481 4548 sncvnnrs
493 4534 499 4548 .
513 4509 584 4548 nnus
600 4507 765 4581 rpmcrnns.
780 4492 823 4546 P.
