3300 5142
320 470 364 534 32
744 472 885 526 Minucii
904 472 1031 527 Felicis

320 624 459 692 ultorum
472 647 564 694 suum
578 627 745 695 infeliciter
758 629 924 713 placitum,
950 626 1096 710 quoniam
1116 627 1184 710 ipsa
1205 629 1237 694 et
1252 627 1398 694 deformis
1415 631 1448 694 et

319 730 440 809 uetula,
456 734 493 796 ut
506 733 679 798 multorum
693 732 821 798 deomm
836 733 952 808 mater,
968 730 1008 796 ad
1022 731 1166 814 stuprum
1179 731 1303 798 inlicere
1317 751 1377 798 nou
1391 751 1447 814 po-

318 835 416 912 terat,
431 836 582 916 exsecuit,
597 838 635 900 ut
649 837 743 902 deum
757 837 877 902 scilicet
892 835 1005 902 faceoet
1018 837 1203 902 eunuchum.
1229 838 1354 921 propter
1367 837 1447 902 hanc

318 936 456 1001 fabulam
476 937 641 1004 Gallicam
656 939 838 1005 etsemiuiri
854 940 902 1004 sui
921 943 1054 1024 corporis
1073 942 1224 1024 supplicio
1239 940 1353 1006 colunt.
1371 939 1446 1005 haee

288 1040 451 1105 ammaon
464 1043 536 1106 sunt
547 1061 642 1120 saue,
658 1044 812 1109 tormenta
823 1044 904 1109 sunt.
928 1045 1027 1127 qnid?
1049 1043 1165 1110 formae
1180 1045 1264 1127 ipsae
1276 1044 1308 1108 et
1318 1043 1442 1108 habitus
1464 1064 1478 1102 s

315 1162 415 1209 nonne
429 1147 564 1228 arguunt
578 1145 713 1212 ludibria
729 1149 761 1212 et
781 1147 929 1213 ‹ledecma
940 1148 1067 1213 deorum
1079 1147 1274 1212 uestrorum?
1286 1147 1444 1212 Vulcanus

316 1246 445 1311 claudus
460 1248 537 1312 deus
557 1250 589 1313 et
608 1249 736 1327 debilis,
763 1249 877 1333 Apollo
892 1251 940 1316 tot
955 1251 1109 1316 aetatibus
1124 1251 1218 1327 leuis,
1239 1249 1441 1332 Aesculapius

315 1349 393 1414 bene
406 1350 569 1430 barbatus,
586 1353 644 1417 etsi
660 1372 779 1435 semper
798 1354 1003 1418 adulescentis
1024 1354 1180 1436 Apollinis
1200 1353 1300 1432 filius,
1320 1353 1442 1435 Neptu·

314 1471 373 1517 uns
388 1453 508 1536 glaucis
522 1456 639 1533 oculis,
660 1456 801 1522 Minerua
816 1458 940 1532 caesiis,
956 1457 1080 1522 bubulis
1096 1457 1187 1535 Iuno,
1210 1457 1339 1538 pedibus
1354 1456 1437 1522 Mer-

315 1555 418 1620 curius
434 1558 543 1636 alatis,
573 1559 640 1624 Pan
653 1560 829 1643 ungulatis,
856 1559 1007 1625 Saturnus
1029 1559 1221 1642 compeditis.
1248 1560 1341 1624 Ianus
1367 1577 1438 1624 nero
1451 1589 1478 1628 ra

313 1658 430 1725 frontes
444 1661 522 1727 duae
537 1663 654 1745 gestet,
675 1662 763 1745 qussi
777 1665 810 1727 et
823 1682 951 1728 auersus
965 1663 1102 1728 incedat:
1128 1663 1228 1728 Diana
1248 1663 1375 1728 interim
1394 1664 1442 1727 est

313 1764 377 1830 alte
392 1765 549 1830 succincta
559 1767 699 1830 nenatrix
713 1769 745 1831 et
756 1767 890 1849 Ephesia
905 1766 1051 1832 mammis
1067 1767 1176 1831 multis
1191 1769 1222 1831 et
1233 1766 1379 1832 uberibus
1389 1785 1443 1832 er-

284 1868 432 1932 estrncta
442 1870 474 1932 et
480 1867 589 1932 Triuia
599 1868 691 1932 trinis
703 1869 857 1951 capitibus
870 1871 901 1934 et
915 1870 1025 1934 multis
1039 1869 1183 1934 manibus
1197 1869 1348 1934 horrifica.
1365 1869 1441 1951 quid

311 1970 378 2053 ipse
393 1970 535 2054 Iuppiter
549 1974 671 2036 uester?
686 1972 777 2036 modo
791 1972 927 2037 inberbis
943 1973 1109 2052 statuitur,
1124 1973 1215 2038 modo
1230 1973 1376 2038 barbatus
1391 1974 1439 2038 lo-

311 2075 414 2148 catur;
429 2075 461 2138 et
475 2093 547 2140 cum
557 2075 713 2140 Hammon
728 2075 851 2151 dieitur,
867 2077 960 2141 habet
971 2093 1092 2154 cornua,
1109 2078 1139 2140 et
1151 2094 1222 2142 cum
1237 2075 1437 2159 Capitolinus,
1447 2101 1472 2140 n

309 2178 384 2241 tuno
399 2177 481 2262 gerit
495 2177 643 2256 fulmina,
659 2181 691 2244 et
705 2197 777 2243 cum
791 2179 940 2256 Latiaris,
967 2197 1073 2244 cruore
1087 2179 1297 2260 perfunditur,
1320 2181 1352 2245 et
1366 2198 1438 2244 oum

308 2279 481 2358 Feretrius,
497 2284 519 2362 †
533 2300 592 2346 nou
608 2283 742 2347 auditur.
758 2286 791 2347 et
804 2302 843 2346 ne
858 2281 980 2367 longius
1001 2283 1117 2347 multos
1140 2283 1229 2347 Ioues
1244 2283 1367 2362 obem,
1389 2283 1438 2347 tot

281 2387 382 2449 lsaut
396 2385 481 2448 Iouis
495 2387 634 2450 monstra
648 2388 723 2467 quot
738 2385 872 2450 nomina.
889 2386 1022 2469 Erigone
1037 2403 1185 2468 suspensa
1201 2385 1239 2450 de
1253 2386 1362 2468 laqueo
1377 2386 1435 2464 est,

308 2490 344 2552 ut
356 2488 445 2572 uirgo
460 2488 541 2552 inter
555 2491 639 2553 astra
653 2489 754 2571 ignita
768 2488 825 2566 sit,
842 2488 983 2554 Castores
997 2489 1125 2554 alternis
1140 2489 1314 2555 moriuntur
1333 2490 1369 2552 ut
1384 2489 1434 2554 ui-

307 2593 397 2668 uant,
414 2590 615 2672 Aesculapius
630 2595 666 2656 ut
680 2592 714 2656 in
727 2593 821 2656 deum
836 2595 943 2676 surgat
958 2591 1156 2671 fulminatur,
1172 2593 1321 2658 Hercules
1332 2595 1369 2658 ut
1379 2593 1436 2657 ho-
1447 2603 1475 2644 ²⁰

306 2693 424 2759 minem
439 2696 545 2773 exuat,
561 2693 682 2760 Oetaeis
697 2696 823 2779 ignibus
839 2697 1058 2762 concrematur.

256 2803 296 2866 23
349 2797 415 2863 Has
430 2797 552 2863 fabulas
571 2800 604 2863 et
618 2817 733 2863 errores
755 2802 788 2864 et
801 2800 840 2864 ab
861 2799 1002 2882 inperitis
1016 2800 1196 2883 parentibus
1217 2799 1384 2877 discimus,
1403 2801 1437 2864 et

306 2901 387 2984 quod
402 2904 450 2966 est
464 2904 606 2986 gmuius,
633 2903 693 2984 ipsi
708 2902 821 2968 studiis
843 2905 874 2968 et
889 2903 1061 2984 disciplinis
1085 2903 1293 2980 elaboramus,
1318 2903 1431 2967 carum-

304 3005 397 3071 nibus
410 3004 575 3089 praecipue
588 3009 766 3089 poetarum,
792 3007 846 3087 qni
861 3006 1031 3088 plurimum
1052 3009 1202 3089 quantum
1223 3005 1350 3071 ueritati
1371 3005 1433 3087 ipsi

275 3123 360 3176 nsua
375 3110 559 3175 auctoritate
569 3113 746 3175 nocuerunt.
764 3111 796 3175 et
809 3109 899 3173 Plato
915 3109 982 3174 ideo
993 3110 1327 3192 praeclareHomerum
1343 3109 1436 3174 illum
1446 3127 1473 3168 ss

354 3316 369 3366 1
389 3331 466 3369 suum
479 3315 520 3368 P.-
545 3314 644 3368 sumis·
665 3317 677 3382 ΙΙ
701 3315 759 3384 ipsa
772 3314 1100 3384 etHenncnn:,etipse
1112 3316 1154 3369 Pr
1217 3315 1235 3372 2
1253 3313 1294 3384 ut]
1307 3316 1335 3368 et
1352 3314 1433 3368 Gele-

300 3402 367 3454 nins
413 3401 545 3457 3facerct
554 3403 583 3454 et
591 3401 740 3455 eunuchum
749 3402 784 3467 P,
796 3401 845 3454 ced
857 3403 884 3456 et
893 3417 1002 3455 erasm
1047 3399 1434 3456 4GullieamsemiuiriAL

304 3487 653 3542 Gramerneodlnaenalie
659 3489 745 3542 Sobel.
753 3493 827 3556 1249
878 3487 896 3544 6
909 3490 936 3541 et
945 3487 1038 3542 decora
1044 3488 1095 3554 Pr,
1113 3504 1159 3540 ern.
1173 3487 1303 3542 Gelenius
1339 3486 1435 3542 ideas

304 3573 446 3628 Woroerns
457 3575 531 3628 obelo
541 3577 653 3629 notauit
668 3577 680 3642 ΙΙ
696 3575 783 3628 laeuis
793 3574 924 3629 Gelenius
977 3575 1013 3631 11
1033 3576 1060 3627 et
1073 3575 1112 3628 P:
1131 3577 1163 3628 ut
1180 3590 1195 3627 r
1249 3574 1285 3630 12
1304 3573 1433 3628 uberibus

303 3661 437 3715 Vrsinus:
450 3660 558 3714 neribus
572 3663 607 3725 P,
625 3661 741 3716 uernbus
753 3678 782 3730 r,
800 3661 941 3716 tuberibus
955 3661 1077 3729 Scaliger
1122 3661 1158 3717 13
1171 3659 1255 3713 tribia
1264 3660 1292 3714 P
1307 3661 1320 3727 ΙΙ
1336 3659 1432 3714 multis

298 3746 409 3801 canibus
418 3747 562 3802 Menreins
615 3748 651 3804 14
669 3751 759 3802 noster
771 3765 787 3801 r
802 3749 814 3815 ΙΙ
832 3746 952 3802 inberbis
963 3747 990 3800 P
1001 3763 1069 3802 corr.
1083 3763 1117 3800 aa
1129 3746 1262 3810 inbaruis,
1276 3743 1405 3800 imberbis
1414 3761 1433 3798 r

308 3835 322 3901 ΙΙ
341 3834 445 3888 locatur
466 3832 516 3887 cel.
539 3835 692 3890 Heumann
757 3835 793 3891 16
814 3834 888 3902 tune]
907 3849 987 3886 manu
1007 3832 1117 3899 Withof
1133 3833 1165 3885 in
1181 3832 1336 3886 Encaeniis
1357 3833 1430 3888 crin.

297 3921 392 3988 (1741)
404 3937 431 3988 p.
447 3923 503 3974 213
566 3920 789 3976 lacessuntur
803 3920 854 3988 Pr,
867 3935 920 3972 nou
934 3917 1024 3972 aditur
1034 3918 1184 3982 Woroerns,
1196 3917 1294 3987 opimis
1306 3915 1428 3972 induitur

297 4006 325 4060 J.
343 4007 395 4060 Fr.
414 4006 582 4070 Grononins,
604 4023 700 4076 pompa
720 4007 811 4061 aditur
830 4006 994 4059 Perizonius
1014 4011 1040 4058 et
1056 4005 1209 4058 Heumann
1229 4004 1289 4072 (een
1309 4005 1353 4059 bic
1371 4020 1432 4060 oum

296 4094 412 4162 pompa),
425 4109 477 4147 non
486 4093 725 4160 euditDanisins,·
740 4093 775 4159 cs.
787 4091 906 4145 Preiieri
915 4091 1023 4160 mutiret.
1033 4091 1084 4146 Ro.
1096 4107 1124 4158 p.
1133 4093 1193 4144 220
1238 4089 1275 4146 18
1288 4089 1358 4159 qnod
1369 4091 1397 4144 P

299 4179 336 4235 19
355 4177 445 4246 ignite
464 4195 492 4231 r:
510 4178 606 4248 gnata
626 4181 654 4232 P
716 4179 753 4235 21
773 4177 859 4231 seteis
879 4194 904 4245 r,
925 4177 1035 4232 henneis
1055 4177 1094 4242 P;
1122 4176 1395 4247 efiCypr.l.c.1,3

297 4265 336 4321 22
354 4264 525 4318 didicimusr
576 4264 615 4321 23
633 4265 686 4333 ipsi
698 4263 797 4317 studiis
808 4263 965 4318 Mearsins:
976 4263 1041 4332 ipsis
1055 4262 1153 4316 studiis
1166 4263 1208 4316 Pr
1260 4263 1299 4319 24
1311 4263 1359 4331 qui
1370 4278 1431 4332 pcr-

296 4351 395 4404 mirum
415 4352 545 4418 quantum
567 4351 698 4418 ellipse
720 4365 769 4403 suo
791 4349 935 4404 Hercules
987 4350 1025 4409 25
1038 4349 1174 4404 suauitate
1193 4349 1325 4404 Lindner
1347 4351 1360 4418 11
1382 4365 1430 4404 no·

296 4437 459 4490 cueruntP:
486 4451 597 4489 nocuere
610 4435 670 4489 edd.
1219 4451 1223 4459 ·
