3300 5142
1252 537 1303 586 XV

220 686 304 762 Non
327 689 447 760 minus
470 685 646 762 obscurus
674 688 791 762 fuerat
812 687 914 761 locus
937 713 967 762 c.
990 693 1045 777 16,
1073 695 1111 763 1:
1148 717 1211 765 uec
1229 691 1302 766 elis·

167 807 341 883 simulabo
368 808 553 907 piiiici'pi'o
586 809 639 882 ita
672 806 817 883 Natalis
848 809 1129 902 maturantem,
1157 837 1300 910 uopam,

168 928 341 1003 lubricam
362 941 501 1002 nutasse
525 929 748 1019 seutentiam,
774 943 814 1005 ut
839 930 884 1004 sit
912 929 1012 1004 iiobi's
1043 930 1300 1031 ombipeudum,

168 1061 287 1123 utrum
308 1061 383 1122 tuo
408 1049 604 1123 eruditio
641 1047 781 1124 turbata
815 1051 861 1125 sit
896 1077 945 1125 ou
977 1053 1200 1126 uacillauerit
1232 1078 1302 1152 per

169 1194 333 1243 errorem.
358 1179 398 1242 ut
419 1195 484 1268 par
506 1184 601 1260 erat,
629 1169 837 1269 complures
856 1171 972 1245 critici
993 1173 1032 1244 in
1055 1171 1116 1246 illo
1140 1186 1201 1247 tua
1223 1199 1302 1248 eru·

169 1290 256 1365 ilitio
280 1289 409 1363 offensi
432 1301 537 1380 sunt3
576 1315 659 1362 nam
691 1315 758 1364 nec
789 1304 851 1364 tua
877 1292 934 1364 hic
961 1292 1082 1366 locum
1105 1293 1213 1368 habet
1236 1319 1303 1368 neo

170 1411 321 1485 eruditio
344 1422 472 1509 aptum
500 1411 646 1484 uidetur
673 1409 883 1486 subiectum
910 1413 1202 1511 praedicatorum
1225 1427 1301 1488 tur-

169 1529 251 1606 bata
277 1531 321 1605 sit
347 1543 384 1604 et
409 1531 640 1606 uacillauerit.
667 1532 731 1604 sed
755 1533 854 1630 quod
880 1531 998 1606 maius
1028 1544 1104 1624 est,
1134 1546 1175 1606 ut
1197 1547 1302 1608 acute

168 1654 310 1726 monuit
334 1650 614 1740 Vahlenius,
657 1652 882 1725 contrarium
905 1652 980 1726 eius
1009 1654 1109 1751 quod
1137 1657 1304 1752 sequitur

169 1797 217 1846 are
240 1771 460 1846 iiocillouerit
475 1796 557 1870 per
577 1796 771 1846 errorem
798 1773 1034 1848 desideratur.
1063 1774 1130 1847 hac
1154 1799 1194 1847 re
1220 1800 1302 1873 per-

169 1903 292 1992 specta
331 1918 406 1966 non
448 1892 569 1966 minus
609 1895 788 1991 sagaciter
823 1893 1050 1993 excogitauit
1088 1895 1209 1969 locum
1249 1894 1301 1969 sic

168 2014 437 2088 emendandum
460 2039 555 2087 esse:
597 2026 715 2087 utrum
741 2015 945 2089 uersutia
971 2014 1113 2090 turbata
1138 2017 1183 2091 sit
1210 2015 1301 2115 (scil.

168 2134 244 2209 eius
268 2132 462 2230 sententia)
486 2160 536 2207 aii
549 2134 773 2209 uacillaueri‘t
786 2160 858 2233 per
875 2159 1039 2209 errorem.
1063 2135 1134 2208 iam
1153 2146 1303 2235 apparet

168 2279 232 2329 cur
259 2253 391 2327 deinde
418 2256 443 2349 ξ
468 2256 489 2325 2
518 2251 697 2328 Octauius
725 2254 816 2327 illud
842 2254 996 2329 inferat:
1023 2257 1148 2330 sedin
1174 2254 1304 2328 Natol'

167 2399 242 2449 meo
270 2374 462 2449 uersutiam
488 2376 593 2465 nolo,
634 2400 707 2448 nou
739 2377 869 2449 credo.-
901 2378 1034 2474 procul
1069 2389 1118 2450 est
1151 2374 1194 2450 ab
1229 2376 1303 2450 eius

166 2494 388 2594 simplicitate
415 2491 548 2568 subtilis
574 2493 768 2570 urbanitas.
797 2522 905 2594 quam
932 2498 1151 2596 scripturam
1178 2499 1214 2569 in
1243 2496 1301 2570 his

172 2614 292 2690 uerbis
305 2617 421 2689 codex
435 2612 544 2690 habet
553 2607 609 2689 ‘ab
623 2617 696 2690 eicis
709 2614 894 2691 subtilitate
911 2617 1171 2716 simplicitates.
1186 2610 1243 2706 αἶ,
1263 2617 1301 2690 in

171 2760 212 2809 ea
237 2734 430 2810 lectionem
457 2747 493 2810 et
521 2761 642 2810 ueram
669 2747 705 2810 et
741 2749 953 2836 corruptam
992 2764 1063 2811 uno
1097 2738 1177 2812 loco
1214 2763 1301 2813 con-

170 2859 331 2930 iunctam
357 2881 436 2930 esse
463 2857 534 2930 iam
562 2867 669 2930 uetus
697 2856 756 2930 ille
785 2854 1010 2932 Gelenius
1037 2869 1135 2933 recte
1166 2859 1301 2932 docue-

170 2987 242 3066 rat3
283 2987 403 3049 tamen
431 3001 549 3076 nuper
588 2975 623 3048 J.
651 2975 839 3076 Kayserus
868 3003 914 3051 ex
942 2979 1152 3052 coniectura
1179 2978 1302 3053 nescio

170 3097 272 3170 cuius
312 3099 465 3196 pessime
508 3097 623 3171 edidit
657 3100 796 3196 ‘procul
834 3112 883 3173 est
923 3097 967 3172 ab
1006 3099 1079 3173 eius
1117 3097 1303 3174 subtilitate

169 3217 324 3316 simplici
348 3229 422 3292 tam
448 3216 581 3291 subtilis
611 3207 823 3292 urbanitus':
864 3230 938 3291 tam
966 3218 1115 3293 difficile
1156 3220 1302 3294 uidetur

168 3337 228 3412 uel
254 3337 454 3412 certissima
481 3337 695 3436 quibusdam
723 3339 954 3438 persuadere.
983 3337 1025 3412 In
1053 3340 1217 3414 eiusdem
1242 3365 1301 3414 ca·

169 3457 255 3558 pitis
282 3462 348 3553 §3
377 3460 428 3557 (p
454 3461 513 3549 20,
539 3461 595 3556 8),
636 3458 701 3532 ubi
728 3458 764 3532 in
792 3458 850 3532 his
885 3455 934 3532 ‘ut
959 3459 1022 3557 qui
1044 3472 1178 3534 rectam
1203 3462 1302 3534 iii'cm

168 3579 294 3669 nescit,
322 3577 397 3676 ubi,
418 3591 458 3652 ut
475 3577 540 3674 fil,
564 3578 603 3651 iii
622 3581 745 3677 plures
770 3606 845 3653 uua
863 3578 1081 3676 difficiliter,
1101 3582 1186 3679 quia
1202 3582 1302 3656 uiam

170 3698 294 3784 nescit,
317 3695 437 3772 liceret
458 3699 587 3772 ansius
609 3724 673 3774 uec
694 3699 852 3797 si'upulas
875 3701 979 3774 audet
1001 3701 1124 3797 eli'pere
1139 3725 1203 3775 uec
1222 3702 1303 3775 uui-

171 3843 292 3892 uersas
303 3817 462 3917 probare
473 3813 560 3893 ’aliis
579 3820 836 3919 praeeuntibus
857 3820 968 3895 uerba
985 3821 1069 3920 quia
1083 3822 1182 3896 ui‘om
1196 3822 1305 3896 nescit

169 3937 274 4013 obelo
292 3942 510 4027 notauimus‚
527 3940 603 4014 fere
618 3940 819 4040 paenitetV
831 3940 993 4014 ahlenii
1010 3941 1301 4016 emendationem

168 4062 285 4157 ‘quam
320 4061 420 4135 uiam
446 4062 542 4136 ineat
567 4059 685 4136 liceret
711 4054 845 4136 cnmus'
883 4089 956 4136 non
983 4061 1176 4161 recepisse3
1217 4089 1302 4135 nam

169 4180 404 4279 perspicuum
430 4195 487 4255 est
513 4181 615 4256 facile
641 4182 720 4255 fieri
751 4181 917 4282 potuisse
957 4192 999 4256 ut
1038 4181 1206 4256 librarius
1239 4183 1303 4255 ali-

169 4299 270 4398 quis,
298 4325 380 4374 cum
408 4301 524 4377 simile
550 4315 772 4391 recurreret,
801 4303 846 4376 ad
873 4301 969 4375 idem
997 4300 1170 4394 uerbum,
1199 4303 1301 4401 quod

169 4421 280 4496 modo
308 4422 521 4520 scripserat,
549 4422 740 4497 aberraret.
776 4421 905 4498 similis
932 4433 987 4496 est
1013 4447 1122 4496 eausa
1145 4423 1301 4496 duorum
