3300 5142
594 509 710 564 (thren.
728 509 764 572 H,
783 507 902 565 24-26.
1268 509 1308 574 81

190 659 397 748 signauimus,
420 664 492 746 quia
512 683 609 747 usque
629 665 663 731 in
684 665 765 730 bunc
779 683 893 730 annum
906 682 961 747 per
974 665 1111 745 tempora
1125 665 1311 730 Asianorum

187 785 297 852 regum
323 767 529 844 cucurrimus,
562 767 598 831 ut
622 767 701 832 ratio
726 769 899 849 temporum
924 766 1045 850 digesto
1073 767 1196 831 luceret.
1230 779 1338 834 nunco

188 871 293 936 autem
307 888 361 951 por
374 870 512 952 tompore
533 887 654 948 eorum,
678 869 732 952 qui
756 869 878 934 Iudaeis
902 870 954 934 uel
967 869 1124 950 pontifices
1147 870 1198 934 uel
1222 887 1311 954 reges

187 972 330 1051 inerunt,
353 991 449 1054 usqne
464 974 502 1037 ad
517 973 633 1037 Christi
646 972 844 1038 natiuitatem
857 990 960 1036 rernm
974 973 1112 1037 ordinem
1126 972 1308 1055 digeremus.

165 1090 176 1128 ⁵
230 1075 332 1159 Igitur
352 1077 422 1157 post
443 1075 603 1140 Ionatham
625 1075 731 1140 Simon
751 1074 847 1140 irater
861 1075 943 1152 eius,
965 1076 1107 1156 utsupra
1120 1075 1238 1139 dictum
1251 1077 1309 1153 est,
1319 1072 1361 1136 21

187 1177 336 1243 Hebraeis
351 1177 484 1259 praefuit
498 1178 565 1242 iure
578 1177 739 1260 pontificis.
763 1177 796 1241 id
817 1177 900 1242 enim
924 1177 954 1242 ci
975 1177 1044 1241 tunr
1058 1177 1090 1241 et
1115 1196 1133 1240 a
1158 1177 1222 1242 suis
1241 1179 1312 1242 eta

189 1281 300 1363 populo
315 1281 451 1345 Romano
466 1279 748 1356 honoriadelatum.
771 1280 822 1344 hic
836 1298 907 1344 curn
920 1279 1050 1345 secundo
1065 1281 1215 1344 Demetrii
1228 1281 1339 1362 regisa

189 1401 267 1448 anno
282 1383 401 1447 ciuibus
416 1401 553 1465 praeesse
567 1382 728 1464 coepisset,
744 1385 813 1465 post
828 1383 896 1448 octo
906 1401 999 1447 annos
1009 1382 1131 1446 insidiis
1140 1382 1311 1447 Ptolemaei

186 1486 413 1550 circumuentus
425 1485 575 1550 occubuit.
592 1485 665 1550 huic
676 1485 824 1550 Iohannes
836 1485 919 1550 lilius
932 1485 1086 1548 mcoessit.
1102 1486 1240 1566 quicum
1255 1487 1311 1550 ad·

151 1606 310 1652 reuersum
346 1589 522 1671 Hyrcanos,
562 1589 685 1672 gentem
710 1588 950 1665 calidissimam,
984 1588 1104 1672 egregio
1134 1590 1310 1671 pugnasset,

186 1691 321 1774 Hyrcani
343 1708 511 1774 cognomen
530 1691 656 1774 accepit.
686 1693 824 1755 mortuns
845 1691 892 1755 est
916 1708 1011 1755 annos
1029 1709 1067 1755 vr
1087 1691 1120 1755 et
1137 1709 1187 1754 xx
1208 1710 1310 1755 rernm

186 1795 313 1876 potitus.
341 1793 411 1875 post
431 1793 512 1857 bunc
526 1793 724 1858 Aristobulns
749 1793 885 1876 pontifex
905 1794 1092 1859 substitutus
1111 1794 1230 1876 primus
1243 1804 1338 1858 om-3

185 1897 272 1961 nium
292 1897 362 1977 post
387 1889 601 1978 captiuitatem
623 1898 743 1980 regium
763 1915 871 1962 nomen
894 1896 1061 1978 assumpsit
1074 1897 1229 1978 capitique
1242 1897 1311 1962 dia·

185 1999 276 2064 dama
288 1999 447 2082 imposuit.
471 1999 573 2062 oxaoto
589 2016 667 2062 anuo
682 1999 763 2063 mem
784 1998 909 2063 iunctus
925 2001 980 2064 cst.
1004 1999 1176 2064 Alexander
1189 1999 1339 2090 deindea

150 2110 175 2151 ¹⁵
184 2101 268 2166 filius
287 2101 368 2179 sins,
383 2119 436 2165 rex
451 2101 568 2182 pariter
582 2101 613 2164 ct
627 2100 763 2182 pontifex
777 2099 854 2179 tuit,
869 2101 1011 2184 regnauit
1025 2119 1118 2165 annos
1132 2119 1184 2164 vn
1198 2104 1230 2165 et
1244 2119 1309 2171 xx:

184 2204 217 2270 in
232 2204 320 2268 cuius
335 2203 455 2268 actibus
469 2203 548 2268 nibil
561 2203 682 2285 praeter
695 2204 909 2268 crudelitatem
929 2191 1078 2268 memoria
1090 2202 1219 2286 dignum
1240 2223 1310 2286 rep·

184 2307 258 2388 peri.
281 2306 331 2370 bic
345 2325 415 2371 cum
430 2305 644 2371 Aristebnlnm
659 2307 691 2372 et
704 2307 882 2389 Hyrcanum
902 2324 1012 2388 paruos
1028 2307 1109 2371 filios
1123 2307 1308 2388 reliquisset,

185 2407 289 2474 Salina
302 2409 368 2474 siue
382 2408 557 2473 Alexandra
570 2426 645 2472 uxor
659 2409 724 2473 eins
738 2427 868 2493 regnum
886 2427 940 2491 per
952 2427 1063 2474 nouem
1082 2428 1176 2474 annos
1195 2410 1304 2474 tenuit.
1320 2419 1338 2472 5

184 2513 254 2592 post
268 2510 360 2576 huius
375 2511 495 2577 obitum
515 2511 605 2576 foeda
619 2512 699 2576 inter
713 2511 824 2576 iratres
839 2512 878 2576 de
891 2529 984 2596 regno
998 2513 1172 2578 certamina.
1197 2531 1233 2578 ac
1246 2513 1311 2595 pri-

151 2630 272 2678 rcmum
291 2615 453 2696 Hyrcanas
474 2614 638 2696 imperium
659 2614 831 2678 obtinebat:
853 2632 923 2678 mox
948 2615 987 2679 ab
1012 2615 1190 2680 Aristobulo
1216 2613 1311 2679 batre

185 2715 292 2797 pulsus
318 2714 457 2799 coniugii
481 2717 520 2781 ad
545 2715 743 2797 Pompeium,
766 2717 819 2798 qui
840 2718 908 2781 turn
928 2717 1117 2782 Mitridatico
1136 2717 1217 2782 bello
1237 2735 1311 2782 con·

188 2817 268 2882 teoto
282 2821 449 2901 pacataque
463 2818 610 2884 Armenia
625 2820 657 2883 et
671 2819 769 2883 Ponto
784 2820 884 2884 uictor
902 2820 1040 2884 omnium
1060 2820 1214 2903 gentium,
1236 2839 1311 2902 quas

190 2922 325 2998 adierat,
347 2922 514 2986 introrsum
539 2940 663 3005 pergere
689 2923 720 2986 ct
739 2922 842 2986 uicina
866 2941 1002 3004 quaeque
1026 2922 1162 2987 Romano
1181 2923 1310 3004 imperio

189 3023 356 3108 adiungere
377 3025 515 3106 cupiens,
539 3041 645 3089 causas
665 3023 739 3089 belli
754 3024 786 3088 et
804 3025 967 3089 materiam
980 3025 1122 3089 uincendi
1136 3025 1309 3106 quaerebat.

152 3149 177 3191 a
186 3127 287 3210 igitur
298 3127 475 3210 Hyrcanum
486 3127 586 3192 libens
598 3127 716 3208 excepit
726 3126 879 3208 dumuque
893 3128 959 3191 eius
973 3127 1101 3192 Iudaeos
1115 3127 1309 3210 aggreditur:
1321 3135 1338 3188 6

188 3229 264 3294 urbe
290 3232 381 3310 capta
406 3231 499 3312 atque
524 3229 611 3294 cruta
631 3229 747 3312 templo
771 3229 914 3310 pepercit.
938 3229 1152 3294 Aristobulnm
1170 3230 1310 3294 uinctum

187 3332 319 3396 Romam
339 3333 455 3410 mittit,
477 3333 619 3415 Hyrcano
640 3332 688 3396 ius
708 3331 904 3414 pontificatus
923 3333 1077 3397 restituit:
1097 3333 1243 3414 imposito
1256 3334 1311 3397 Iu·

188 3434 273 3498 daeis
293 3433 445 3517 stipendio
471 3435 697 3516 procuratorem
728 3434 771 3497 eis
791 3434 992 3516 Antipatrum
1011 3437 1164 3516 quendam
1183 3436 1311 3500 Ascalo-

240 3622 259 3680 5
277 3620 412 3676 Jonatban
423 3620 440 3673 b
462 3623 475 3688 ΙΙ
497 3637 589 3690 symon
606 3621 634 3674 P
685 3620 703 3676 6
720 3620 749 3674 id
761 3620 873 3688 euim}-
883 3619 979 3690 populo
994 3624 1103 3690 scripsi:
1122 3625 1150 3675 et
1161 3621 1189 3674 id
1201 3621 1272 3674 enim
1283 3623 1312 3674 et

188 3709 237 3760 tun
249 3709 277 3760 et
289 3723 305 3760 a
317 3706 373 3760 suis
385 3709 413 3760 et
424 3723 441 3760 a
452 3707 549 3775 populo
559 3707 596 3770 P,
610 3705 638 3759 id
650 3705 720 3760 enim
733 3706 759 3759 ei
770 3709 828 3760 tum
840 3723 857 3760 a
869 3708 936 3771 suis,
948 3709 1007 3760 tunr
1018 3708 1181 3776 etapopnlo
1193 3707 1209 3760 b
1221 3706 1311 3775 (Drst-

187 3793 258 3846 sias:
276 3791 412 3861 aregibus
425 3793 483 3846 cios
495 3793 551 3846 loco
563 3791 635 3860 quod
648 3798 686 3845 eet
699 3807 715 3844 a
726 3792 821 3860 populo
834 3792 894 3861 Ro.)
938 3792 1095 3861 8ptolomei
1107 3794 1135 3847 P
1180 3792 1216 3847 11
1229 3806 1311 3844 annos

187 3891 220 3932 vr
232 3880 260 3930 et
271 3891 311 3931 xx
322 3894 342 3930 r.
357 3877 460 3946 potitus
477 3877 629 3931 Gteeliuas:
648 3892 716 3930 anno
728 3890 760 3930 vr
772 3879 799 3930 ct
811 3891 851 3932 xx
862 3893 951 3931 rernm
961 3879 1064 3947 potitus
1075 3882 1118 3931 est
1129 3879 1157 3931 P
1208 3876 1245 3932 12
1257 3875 1311 3928 ari·

188 3962 307 4016 stobolus
333 3963 361 4017 P
424 3963 461 4022 15
479 3962 663 4031 finusy‘imoeo
683 3962 779 4026 frater,
807 3970 840 4017 oct
861 3979 894 4017 ex
918 3963 1139 4033 Joeepboliquet’
1159 3962 1311 4015 dePrato

241 4047 278 4104 18
296 4047 388 4102 Salina
400 4049 439 4115 P,
457 4055 489 4102 at
501 4048 569 4102 coni.
583 4047 718 4101 mosee:
736 4048 855 4102 Solinab
877 4051 890 4116 11
912 4049 1065 4103 alexandria
1076 4051 1103 4103 P
1159 4047 1196 4104 19
1213 4048 1311 4117 prim'n

188 4134 215 4202 (i.
229 4149 250 4186 c.
263 4134 421 4204 primosum)
433 4134 461 4187 P
511 4132 551 4189 20
566 4148 626 4186 mox
638 4132 781 4186 aristobolo
793 4135 821 4188 P
872 4135 911 4191 23
927 4135 1021 4189 aderat
1032 4137 1060 4189 P
1080 4137 1093 4202 11
1115 4134 1258 4191 introrsum
1272 4134 1310 4187 P:

188 4219 360 4274 ultroraumb
422 4219 461 4276 24
478 4217 599 4272 uincendi
612 4219 651 4272 P:
669 4219 785 4272 incendii
797 4221 901 4289 aliquot
913 4221 972 4275 edd.
985 4227 1095 4275 recenti.
1157 4221 1196 4279 25
1213 4219 1312 4287 excipit

188 4305 305 4360 molebat
317 4305 350 4360 de
362 4307 451 4360 Proto
513 4304 551 4360 26
569 4305 645 4357 eruta
662 4305 701 4358 P:
720 4307 806 4360 arceb
830 4309 843 4375 11
865 4307 984 4361 niodum
1002 4307 1144 4375 Styooiso:
1161 4307 1264 4360 nictum
1276 4305 1311 4369 P,

189 4391 225 4458 cs.
244 4390 299 4445 Jos.
319 4391 386 4446 Aut.
399 4395 442 4460 14,
454 4395 480 4446 8.
501 4391 579 4444 Flor.
593 4395 616 4454 1,
636 4393 678 4457 41,
696 4393 735 4444 ’30
746 4397 794 4447 etc.
862 4391 900 4449 27
917 4393 1121 4461 impositoqneb
1183 4390 1312 4448 281110-

190 4475 301 4531 lenitam
314 4477 353 4541 P,
371 4478 435 4532 item
443 4494 472 4546 p.
485 4479 533 4546 82,
547 4479 565 4530 3
577 4475 735 4530 ascolonitas

1052 4575 1055 4580 ’
1087 4567 1108 4631 6
