3300 5142
666 510 739 581 cap.
758 511 839 568 2-3.
1277 515 1317 578 79

188 670 240 735 hic
255 687 390 752 quoque,
406 668 608 734 sacratissimi
622 667 838 750 imperatores,
854 670 890 733 ut
905 687 989 734 error
1003 668 1064 735 iste
1080 670 1205 749 celetur,
1222 668 1347 735 etiams

186 772 263 837 haec
277 789 364 837 sacra
377 770 505 854 physica
519 770 630 835 uolunt
644 790 709 837 esse
729 772 849 837 ratione
868 772 1050 855 composita:
1074 792 1183 837 amnne
1202 773 1318 838 terram

188 875 297 941 uolunt
312 874 433 959 fruges,
456 873 549 939 Attin
563 892 636 939 uero
651 874 708 940 hoc
723 874 826 959 ipsum
844 874 952 941 uolunt
967 894 1033 941 esse
1062 876 1143 958 quod
1158 895 1194 941 en
1217 876 1317 961 frugi-

187 978 247 1043 bus
260 978 405 1057 nascitur,
420 995 551 1059 poenam
562 981 668 1043 antem
680 998 774 1061 quam
785 978 934 1044 sustinuit
948 978 1005 1043 hoc
1020 978 1130 1044 uolunt
1144 997 1218 1056 esse,
1235 980 1317 1061 quod

166 1080 264 1151 sfslce
278 1099 395 1145 messor
408 1082 540 1147 maturis
555 1080 698 1167 frugibus
713 1081 807 1148 facit:
831 1082 962 1148 mortem
977 1082 1074 1165 ipsius
1090 1081 1211 1161 dierunt,
1234 1081 1316 1163 quod

186 1184 304 1249 semina
325 1184 453 1250 collecta
475 1185 661 1263 conduntur,
700 1184 800 1249 uitam
822 1203 943 1263 rursus,
981 1185 1062 1267 qnod
1090 1184 1172 1251 iacta
1199 1184 1316 1249 semina

186 1288 295 1353 annuis
308 1286 460 1369 uicibus†
471 1288 685 1354 reconduntur.
702 1289 817 1353 uellem
829 1307 911 1355 nunc
922 1288 1001 1353 mihi
1012 1289 1180 1371 inquirenti
1191 1298 1343 1370 respon-3

186 1390 294 1469 deant,
318 1408 373 1455 cur
387 1391 465 1456 hanc
480 1389 716 1473 simplicitatem
736 1391 891 1456 seminum
911 1410 946 1457 sc
966 1390 1094 1476 frugum
1114 1412 1184 1458 cunr
1200 1391 1314 1471 funere,

186 1511 257 1558 cunr
272 1494 387 1573 morte,
403 1513 473 1559 curu
488 1494 586 1572 fastu,
603 1513 674 1560 cnm
688 1512 799 1577 poena,
821 1514 892 1560 cunr
908 1514 1011 1561 amore
1025 1496 1219 1561 inuenerint?
1233 1496 1316 1561 itane

152 1600 321 1667 renouarat
337 1597 425 1663 eliud
441 1598 522 1680 quod
538 1598 714 1663 diceretur?
735 1599 821 1663 itane
847 1616 908 1663 non
934 1600 1001 1664 erat
1028 1599 1109 1682 quod
1134 1600 1167 1663 in
1188 1598 1315 1683 agendis

184 1700 250 1765 Deo
264 1717 386 1765 summo
396 1717 451 1781 pro
463 1700 606 1785 frugibus
615 1701 725 1784 gratiis
735 1700 850 1767 faceret
863 1702 975 1767 misera
986 1702 1184 1767 mortalitas?
1198 1703 1234 1766 nt
1244 1720 1315 1786 gra·

185 1801 246 1867 ties
261 1823 316 1886 pro
330 1804 447 1870 renatis
462 1803 605 1889 frugibus
620 1823 693 1889 agas
708 1804 830 1885 ululas,
847 1807 883 1870 ut
897 1804 1031 1889 gaudeas
1045 1804 1182 1889 plangis,
1203 1822 1259 1870 nec
1273 1806 1314 1882 te,

187 1923 258 1970 curn
272 1925 379 1973 ueram
394 1908 545 1973 rationem
559 1907 690 1987 niteris,
705 1908 762 1972 hoc
775 1908 940 1990 ahquando
955 1909 1062 1974 fecisse
1077 1908 1244 1992 paenituit,
1261 1908 1314 1973 sed

186 2007 243 2073 hoe
257 2009 377 2092 rugient
392 2010 500 2075 annuis
515 2010 653 2076 luctibus
668 2013 834 2093 occupatus
852 2011 950 2077 uitam
965 2029 1085 2094 semper
1100 2010 1212 2095 fugias,
1229 2030 1312 2076 mor·

152 2111 251 2177 retem
265 2113 411 2194 requiras.
436 2112 539 2178 dicant
558 2114 653 2178 mihi:
676 2113 751 2195 quid
773 2114 827 2179 boo
845 2114 991 2198 frugibus
1010 2114 1151 2196 profuit,
1172 2115 1209 2178 ut
1231 2114 1341 2179 fetus4

185 2232 257 2278 snos
271 2215 394 2279 cnnnr‘s
407 2216 579 2282 ululatibus
594 2217 761 2291 seminent,
783 2221 818 2281 nt
839 2218 932 2281 strati
952 2218 1067 2283 funeris
1083 2216 1312 2283 calamitatibus

184 2315 413 2401 ingemescant,
436 2320 517 2401 quod
541 2318 648 2384 dicant
668 2319 795 2403 physica
814 2321 932 2385 ratione
952 2320 1180 2401 compositum?
1202 2319 1313 2403 tegetis

183 2425 212 2485 ct
220 2421 381 2505 plangitis
396 2423 428 2487 et
440 2422 544 2488 luctus
558 2427 677 2487 rennos
690 2422 761 2487 ctio
781 2424 903 2489 ratione
924 2424 1038 2489 celatis
1063 2422 1153 2487 nonit
1172 2421 1313 2506 agricola

183 2524 311 2604 qnando
325 2529 443 2589 terrani
458 2530 567 2589 aratro
581 2526 754 2604 dinoscet,
776 2528 866 2592 ncnit
880 2526 1007 2609 qnando
1020 2525 1113 2590 sulcis
1133 2527 1137 2608 Ι
1157 2524 1411 2591 frumentinus.

148 2629 377 2707 ncommittat,
393 2629 481 2694 nouit
496 2629 617 2711 quando
633 2631 802 2695 maturatas
818 2630 892 2696 solis
907 2630 1066 2696 ardoribus
1082 2630 1212 2713 colligat
1226 2647 1312 2713 sege-

184 2732 241 2807 tes,
256 2732 345 2797 nouit
364 2732 486 2814 quando
500 2735 598 2798 tostas
612 2734 693 2797 terat
707 2734 827 2817 fruges:
843 2735 918 2799 haec
933 2735 979 2799 est
993 2733 1119 2817 physica
1133 2732 1222 2812 ratio,
1237 2732 1312 2797 haec

184 2835 257 2900 sunt
272 2854 345 2899 uera
359 2835 518 2913 sacrificia,
535 2854 613 2917 quae
626 2836 664 2900 ab
679 2856 770 2902 sanae
785 2838 898 2903 mentis
909 2836 1085 2903 hominibus
1098 2853 1197 2901 annno
1208 2834 1312 2900 labore

184 2935 390 3020 complentur:
413 2938 492 3004 hanc
507 2939 741 3023 simphcitatem
756 2941 905 3006 diuinitas
920 2941 1049 3024 quaerit,
1070 2942 1107 3005 ut
1126 2940 1263 3006 homines
1278 2939 1311 3002 in

184 3040 364 3125 colligendis
388 3040 540 3107 fructibus
561 3043 709 3108 ordinatis
736 3044 911 3127 temporum
942 3043 1063 3127 legibus
1090 3042 1311 3107 seruientem

147 3143 255 3210 rehuic
276 3144 377 3209 ordini
398 3146 527 3211 miserae
549 3148 659 3212 mortis
680 3146 831 3231 figmenta
854 3147 994 3229 quaesita
1008 3147 1103 3210 sunt?
1126 3163 1179 3209 cur
1194 3144 1311 3209 celatur

182 3246 321 3311 lacrimis
343 3248 424 3328 quod
446 3248 539 3313 celari
560 3266 620 3314 non
643 3249 772 3315 debuit?
794 3250 874 3315 unde
896 3250 1097 3315 confiteantur
1119 3266 1241 3314 necesse
1263 3249 1310 3312 est

182 3348 256 3413 haec
270 3368 355 3414 sacra
369 3368 429 3415 non
444 3351 476 3415 in
491 3352 637 3417 honorem
652 3353 793 3438 frugum,
820 3356 921 3420 sedin
942 3355 1087 3419 honorem
1107 3370 1172 3417 esse
1186 3368 1310 3433 compo·

182 3451 244 3516 sita
257 3454 366 3517 mortis
381 3454 507 3519 alienae.
532 3476 604 3521 nam
621 3458 701 3538 quod
715 3459 829 3522 terram
845 3460 978 3523 matrem
993 3476 1057 3522 esse
1078 3456 1216 3521 omnium
1236 3454 1338 3523 deo-5

182 3574 251 3620 rum
262 3555 369 3620 dicunt
380 3559 432 3638 qui
444 3558 517 3623 hnic
527 3560 678 3625 elemento
691 3561 806 3643 primas
820 3562 962 3626 tribuunt
973 3562 1085 3643 partes,
1102 3559 1309 3624 aereticorum

234 3798 251 3849 2
267 3797 380 3867 physici
391 3798 486 3852 uolunt
496 3816 553 3853 esse
565 3798 668 3854 ratione
680 3802 827 3871 compositi
836 3802 863 3855 P
909 3801 927 3858 3
941 3802 1008 3855 stiur
1017 3802 1077 3871 (ant
1087 3804 1129 3855 att
1139 3802 1178 3871 in)
1187 3800 1222 3867 P,
1235 3816 1307 3853 arns-

180 3884 238 3936 tum
251 3901 270 3936 a
292 3885 304 3951 ΙΙ
327 3884 378 3937 hnc
389 3885 417 3937 P
468 3886 483 3937 ἵ
502 3885 682 3941 recidiuantur
694 3889 762 3942 coni
780 3888 915 3957 Bursian,
931 3888 1103 3956 probabilius
1111 3886 1307 3953 Reifferscheid

181 3968 338 4034 redduntur5
356 3971 415 4038 ipsc
427 3973 535 4025 tentant
547 3976 729 4040 renascuntur,
741 3980 774 4027 nt
783 3980 822 4028 cst
834 3974 918 4042 panto
928 3981 991 4041 post
999 3990 1046 4043 pro
1056 3974 1157 4028 renatis
1169 3972 1306 4041 frugibus;

181 4055 216 4121 es.
238 4056 325 4109 sirrrile
345 4057 446 4111 uitione
465 4058 574 4111 librari-i
594 4059 632 4112 art
649 4076 675 4127 ρ.
689 4063 765 4123 93,5
784 4062 797 4127 ΙΙ
819 4059 902 4113 uelim
919 4060 1039 4128 woicam
1067 4066 1097 4114 ct
1119 4077 1145 4113 n.
1168 4060 1250 4114 Bnrs.
1276 4060 1307 4112 in

177 4143 338 4210 praefato,
356 4142 418 4196 VII
466 4144 483 4199 9
502 4144 659 4198 inuenerunt
669 4146 704 4210 P,
722 4145 794 4214 qnod
810 4146 958 4212 ferendum
969 4146 1095 4213 nidctnr,
1113 4147 1138 4199 ai
1153 4147 1192 4200 sic
1204 4145 1304 4200 distin-

180 4228 467 4296 guamrespondeant:
481 4247 527 4283 cur
539 4238 585 4285 etc.
636 4232 670 4287 12
681 4231 792 4301 planges
805 4234 833 4285 P
879 4234 914 4291 15
927 4233 1122 4300 fetusscrr'psr':
1136 4232 1271 4286 fletusPa

183 4310 219 4366 16
239 4314 269 4364 ut
286 4314 366 4367 strati
384 4316 418 4381 P,
435 4316 483 4369 sect
501 4318 610 4371 litterae
628 4320 685 4371 stra
701 4320 761 4384 fere
774 4336 892 4386 prorsas
910 4325 1099 4387 encrnncrnnt,
1127 4318 1258 4372 seminent
1276 4320 1304 4372 in

179 4396 309 4462 tristitia,
328 4399 464 4455 interfecti
476 4403 577 4456 funeris
590 4421 608 4455 c
661 4404 692 4457 17
711 4404 889 4473 ingemiscant
901 4405 959 4459 edd.
1013 4406 1047 4457 ‘27
1065 4420 1116 4458 non
1128 4405 1157 4458 in
1169 4404 1266 4459 honore
1278 4406 1305 4459 P

191 4484 203 4549 ΙΙ
223 4486 369 4552 composita
381 4489 408 4540 P
467 4488 503 4544 29
522 4489 585 4543 hino
597 4508 615 4543 c
632 4492 645 4558 ΙΙ
661 4490 768 4544 deorum
781 4490 893 4545 istorum
906 4492 975 4545 coni.
990 4492 1116 4545 Bursian
