3300 5142
330 501 393 567 106
745 498 891 554 Firmici
908 500 1056 554 Materni

329 654 638 720 dethalamosuo
653 655 980 722 exultabituelut
1001 656 1142 741 gigans
1163 656 1267 721 uiam
1288 673 1461 731 currere;

330 776 517 823 asummo
539 758 637 824 caeli
657 758 854 842 profectio
876 759 958 824 eius
980 761 1018 826 et
1040 760 1217 825 decursio
1239 760 1463 841 oiususque

330 861 377 926 ad
398 879 590 927 summum
612 862 696 927 eius
718 863 759 927 at
779 880 854 927 non
876 848 1461 945 estquilateatacaloreeius.'

297 964 494 1030 osecretiora
513 965 687 1046 pandantur
701 984 826 1031 arcana:
849 966 882 1029 in
897 966 1072 1050 apocalypsi
1087 967 1141 1049 qui
1161 967 1204 1031 sit
1224 984 1351 1048 sponsus
1371 966 1463 1029 inue-

214 1060 990 1153 ntosnimuaiitaenimscriptumsst:‘ueni,
1006 1069 1463 1135 ostendamtibinouam
1487 1091 1502 1129 a

329 1172 496 1254 nuptam
529 1188 689 1235 uxorem
719 1172 822 1255 agni.
858 1172 897 1237 et
929 1172 1043 1237 duxit
1074 1192 1131 1239 me
1163 1173 1203 1238 in
1236 1171 1391 1255 spiritu
1423 1172 1462 1238 in

330 1276 501 1339 montem
523 1294 706 1359 magnum
728 1276 766 1339 et
787 1274 967 1340 ostendit
988 1276 1088 1341 mihi
1119 1276 1328 1341 ciuitatem
1355 1292 1464 1339 sanc·

330 1378 413 1443 tam
435 1377 686 1443 Hierusalem
709 1376 1007 1444 descendentem
1029 1380 1074 1444 de
1095 1368 1224 1444 caelo'
1247 1377 1465 1443 intimandum

330 1482 379 1546 ost
393 1480 469 1562 quid
483 1481 580 1547 etiam
595 1480 684 1546 uobis
699 1480 737 1545 de
751 1481 809 1545 hac
830 1481 898 1565 ipsa
916 1500 949 1546 re
970 1480 1075 1547 tradat
1094 1481 1272 1566 euangelica
1287 1481 1462 1563 disciplina.

329 1584 505 1649 inuenimus
534 1584 616 1649 euim
645 1584 678 1647 in
703 1584 862 1667 euangelio
877 1585 947 1650 cata
962 1584 1130 1651 Iohannem
1143 1584 1190 1649 ita
1205 1602 1271 1650 esse
1285 1585 1505 1669 signatum210

327 1665 407 1753 ‘uos
429 1687 526 1755 mibi
548 1688 680 1753 testes
709 1687 808 1752 estis
842 1686 1022 1769 quoniam
1055 1687 1141 1753 dixi
1170 1687 1228 1753 eis
1256 1688 1324 1770 qui
1351 1686 1466 1753 missi

331 1791 488 1857 suntab
510 1790 771 1873 Ierusolpmis
792 1789 839 1855 ad
859 1808 934 1869 me,
956 1790 1141 1872 quianon
1163 1809 1244 1855 sum
1260 1789 1466 1871 Christus,

332 1894 401 1962 sed
428 1893 612 1976 quoniam
634 1892 791 1975 [missus
823 1912 905 1957 sum
937 1894 1029 1959 ante
1060 1893 1206 1977 ipsum:
1245 1893 1312 1977 qui
1342 1894 1468 1959 habet

331 1998 437 2064 enim
452 2014 628 2080 sponsam
647 2013 811 2078 sponsus
831 1998 902 2075 est,
925 1998 1075 2062 amicus
1098 1998 1227 2061 autem
1249 1997 1381 2078 sponsi
1403 1999 1467 2061 est

328 2098 399 2184 'qui
427 2101 510 2165 stat
543 2103 580 2164 et
612 2098 728 2163 audit
760 2117 843 2164 eum
876 2101 914 2164 et
946 2100 1095 2185 gaudio
1127 2100 1274 2184 gaudet
1305 2102 1503 2181 propter„

303 2218 471 2271 euocem
498 2191 651 2285 sponsi'
681 2202 774 2267 huius
805 2203 852 2268 rei
877 2204 1063 2287 mysterium
1089 2205 1246 2268 ostensum
1271 2205 1335 2281 est,
1369 2202 1466 2267 huius

332 2306 439 2390 sponsi
465 2305 634 2371 aduentum
660 2305 849 2389 sapientium
874 2306 1033 2391 uirginum
1065 2307 1175 2372 chorus
1200 2307 1356 2389 expectat,
1390 2306 1467 2370 huic

331 2409 467 2494 praefert
487 2408 607 2473 lumina
627 2407 773 2492 peruigili
792 2427 867 2473 cura
893 2412 1000 2475 sancta
1023 2408 1205 2493 uirginitas:
1228 2408 1466 2491 expectantibus

332 2531 479 2597 sponsum
493 2512 591 2577 seruis
611 2509 751 2575 felicium
773 2512 981 2594 praemiorum
1002 2512 1198 2596 promittitur
1217 2532 1340 2577 munus.
1374 2512 1466 2577 inue-

331 2615 436 2681 nimus
461 2613 545 2679 enim
570 2614 603 2679 in
628 2614 788 2698 euangelio
813 2616 882 2681 cata
908 2615 1040 2679 Lucum:
1072 2600 1174 2680 ‘sint'
1193 2614 1314 2680 lumbi
1336 2613 1502 2679 uestris

331 2716 553 2800 praecincti
576 2717 613 2780 et
634 2716 815 2782 lucernae
838 2719 1019 2784 ardentes
1047 2719 1084 2784 et
1117 2736 1182 2784 uos
1216 2718 1369 2783 similes
1401 2717 1464 2781 bc-

263 2811 267 2825 '
332 2820 511 2885 minibus
533 2820 835 2901 expectantibus
865 2820 1062 2887 dominum
1090 2840 1199 2886 suum
1227 2821 1378 2903 quando
1401 2839 1465 2885 ue-

332 2924 423 2989 niat
444 2943 463 2988 a
483 2923 658 3005 nuptiis,
692 2924 735 2987 ut
767 2942 852 2988 cum
886 2924 1043 2989 uenerit
1065 2926 1103 2989 et
1123 2923 1351 3008 pulsauerit
1377 2942 1465 3006 apa-

332 3029 440 3094 riant
467 3026 543 3091 illi.
584 3025 722 3091 felices
754 3026 861 3093 serui
893 3026 960 3091 illi
992 3044 1084 3110 quos
1115 3027 1323 3093 adueniens
1345 3026 1464 3091 domi-

332 3150 403 3197 nus
417 3129 617 3195 inuenerit
643 3124 885 3214 uigilantes?
909 3148 977 3195 ecce
992 3130 1234 3195 uenerandomm
1248 3146 1502 3211 responsorumss

305 3234 466 3312 poraculis
481 3251 609 3315 sponsus
624 3235 766 3298 ostensus
782 3233 839 3297 est.
863 3231 938 3314 quid
953 3232 1012 3297 tibi
1027 3234 1064 3298 tu
1078 3233 1111 3298 in
1126 3233 1242 3298 acerbis
1257 3232 1378 3297 casibus
1389 3250 1464 3297 con-

333 3338 464 3403 stitutus
485 3336 611 3401 beatum
637 3354 748 3402 nomen
772 3336 918 3419 inponis?
946 3337 972 3400 si
997 3336 1046 3401 uis
1072 3336 1221 3401 liberatus
1245 3337 1350 3401 lumen
1375 3337 1464 3419 sequi

334 3440 455 3523 sponsi,
488 3440 591 3522 proice
607 3457 723 3505 errores
745 3443 777 3505 et
797 3438 944 3523 peruigili
976 3458 1049 3505 cura
1072 3440 1224 3506 sollicitus
1251 3439 1466 3523 praecedentia

333 3544 418 3609 uitae
433 3543 569 3608 facinora
582 3542 727 3627 religiosa
741 3541 903 3608 deuotione
919 3542 1046 3626 castiga.
1070 3544 1146 3607 tunc
1159 3544 1191 3607 te
1212 3543 1245 3607 in
1264 3543 1388 3607 nomine
1408 3560 1464 3606 suo

334 3665 406 3712 cum
421 3645 606 3730 uigilantem
622 3645 775 3710 inuenerit
789 3663 933 3729 sponsus,
957 3665 1028 3710 cum
1048 3645 1121 3711 fidei
1135 3647 1207 3710 tuae
1222 3645 1334 3711 merita
1349 3663 1464 3730 cogno-
1473 3664 1503 3707 so

333 3750 430 3827 nent,
447 3748 535 3813 dabit
548 3748 719 3813 maximum
733 3749 923 3831 praemium,
939 3747 1028 3813 dabit
1042 3748 1199 3832 integrum
1213 3768 1340 3812 munus:
1364 3748 1464 3812 intra·

334 3852 383 3917 bis
398 3871 469 3917 cum
484 3869 518 3915 eo
534 3851 613 3917 caeli
627 3850 816 3931 thalamum,
851 3851 973 3916 uidebis
987 3851 1106 3935 regiam
1121 3850 1231 3915 muudi
1247 3852 1296 3930 et,
1319 3852 1355 3914 ut
1371 3868 1464 3914 uorum

436 4038 694 4108 cumessam.
748 4037 784 4094 ll
803 4037 863 4092 Job
878 4037 904 4101 3,
918 4036 957 4094 28
969 4052 1007 4105 aq.
1062 4037 1182 4095 aonuc.
1197 4037 1242 4103 12,
1255 4036 1294 4096 35
1307 4052 1364 4105 sqq.

1622 4104 1623 4149 i

383 4226 578 4281 lexultauitP
592 4227 606 4296 ΙΙ
621 4228 653 4279 ut
662 4242 682 4279 a
732 4225 753 4281 4
769 4224 799 4279 in
810 4225 965 4294 apocalypsi
975 4223 1005 4278 id
1016 4225 1059 4278 est
1070 4223 1099 4277 in
1111 4224 1333 4289 reuelationePa,
1346 4226 1466 4295 abesam

331 4312 433 4369 deleuit
448 4312 589 4367 Woweras
611 4314 623 4380 ΙΙ
645 4310 706 4379 qnia
727 4311 765 4364 sit
784 4328 803 4364 a
849 4310 868 4367 8
886 4308 1107 4379 Inuestigandum
1129 4312 1170 4363 eat
1187 4326 1206 4363 a
1258 4310 1293 4366 12
1310 4310 1465 4381 Hierosoly·
1622 4334 1623 4381 p

330 4400 383 4453 mia
396 4416 414 4452 a
465 4397 501 4453 16
519 4396 671 4453 misterium
683 4398 711 4450 P
761 4397 800 4453 22
818 4398 987 4465 expectantes
1000 4396 1028 4450 P
1078 4394 1227 4451 acubitu
1238 4396 1278 4450 P:
1291 4398 1322 4450 tn
1334 4396 1388 4450 tibi
1400 4397 1463 4453 edd.

342 4487 355 4553 ΙΙ
375 4484 477 4538 aceruis
489 4484 518 4538 P
567 4483 607 4540 28
624 4482 742 4552 peruigil
753 4484 782 4538 P
803 4485 816 4551 ΙΙ
838 4482 1003 4551 procidentia
1015 4482 1043 4536 P
1094 4481 1132 4539 31
1151 4482 1268 4551 pretium
1280 4482 1308 4536 P
