3300 5142
671 563 742 634 cap.
761 562 805 619 24-
1246 565 1308 629 115

179 721 293 801 mine,
331 739 437 804 opem
470 721 527 786 fer
559 720 671 786 nobis
704 722 742 787 et
763 720 888 786 libera
910 737 974 786 nos
996 722 1154 803 propter
1176 737 1308 785 nornen

180 813 310 890 tuum'
350 842 418 890 eooe
432 826 502 907 post
516 823 658 889 triduum
671 824 804 889 lucidior
823 824 914 889 solito
930 824 996 889 dies
1016 825 1116 889 oritur
1135 825 1166 888 et
1188 822 1338 888 redditae

180 928 238 992 soli
254 928 414 1011 praeteriti
429 928 558 993 luminis
575 928 692 1013 gratia:
716 928 910 1011 omnipotens
925 928 999 995 deus
1015 925 1156 994 christus
1172 926 1308 1008 splendi-

180 1030 318 1095 dioribus
334 1031 409 1096 solis
423 1030 518 1096 radiis'
534 1031 694 1097 adoratur:
718 1031 838 1097 exultat
853 1032 990 1098 salutare
1004 1048 1118 1097 numen
1142 1033 1174 1096 et
1194 1029 1308 1095 trium-

148 1158 162 1197 1
181 1134 288 1217 phales
302 1152 409 1199 ourrus
425 1134 490 1200 eius
505 1135 660 1200 iustorum
675 1152 711 1200 ae
725 1136 900 1199 sanctorum
923 1135 1016 1199 turba
1037 1134 1211 1199 comitatur.
1235 1135 1308 1198 tuno

180 1237 260 1302 elato
284 1237 396 1322 gaudio
422 1238 538 1303 clamat
560 1238 644 1303 elata
669 1238 861 1303 mortalitas:
893 1230 970 1302 ‘ubi
993 1240 1065 1317 est,
1088 1255 1202 1316 mors,
1224 1255 1309 1302 sou-

179 1341 261 1406 leus
284 1332 407 1407 tuusl'
428 1343 503 1406 tuno
519 1360 716 1425 praecurrens
730 1342 865 1406 salutare
879 1360 994 1406 numen
1015 1342 1127 1424 aperiri
1154 1340 1214 1406 sibi
1240 1358 1308 1405 oae-

179 1445 272 1509 lestes
298 1444 406 1511 ianuas
434 1444 599 1527 praeripit:
634 1444 764 1526 aperite,
787 1445 905 1527 aperite
919 1445 952 1510 et
966 1445 1159 1510 immortalia
1175 1444 1308 1509 claustra

180 1549 360 1614 eonuellite:
383 1548 525 1615 chrislus
550 1550 625 1614 deus
653 1548 769 1614 calcata
789 1549 793 1631 Ι
812 1550 912 1614 morte
942 1548 981 1613 ad
1007 1548 1127 1613 eaelum
1152 1548 1420 1617 hominemronu.

144 1670 272 1735 roquem
298 1654 473 1735 susceperat
494 1654 627 1718 reuooat.
651 1653 709 1718 hoo
727 1672 746 1717 a
767 1652 939 1717 uenerando
954 1652 1103 1733 propheta
1116 1652 1221 1716 saneta
1234 1669 1310 1717 nore

179 1756 375 1837 praecanitur
397 1758 429 1821 et
454 1775 491 1821 ex
517 1776 568 1822 ore
582 1756 762 1841 prophetico
776 1774 836 1821 uox
850 1756 986 1821 iubentis
1003 1756 1143 1821 auditur:
1166 1754 1211 1819 ait
1226 1755 1309 1821 enim

180 1858 309 1942 spiritus
323 1860 463 1938 sanetus,
487 1860 523 1924 ut
543 1859 631 1925 nobis
645 1860 805 1925 licentiam
825 1857 942 1925 Christi
962 1857 1097 1924 iubentis
1119 1858 1307 1925 ostenderet:

177 1954 327 2027 ‘tollite
348 1963 498 2045 portas,
532 1963 744 2046 principes,
780 1964 919 2042 uestri,
953 1964 991 2029 et
1012 1962 1196 2029 extollite
1224 1979 1307 2040 uos,

178 2067 312 2148 portae
333 2067 527 2146 aeternae,
551 2067 588 2132 et
609 2067 800 2133 introibit
821 2087 885 2133 rex
908 2059 1075 2152 gloriae?
1110 2067 1168 2132 hoo
1191 2065 1338 2151 angeliso

144 2191 170 2229 rs
178 2169 386 2235 nescientibus
399 2170 588 2253 imperatur:
603 2190 701 2254 neque
716 2172 798 2237 enim
814 2172 892 2238 seire
907 2171 1086 2254 potuerunt,
1102 2171 1222 2253 quando
1238 2189 1309 2235 uer-

179 2272 255 2336 bum
267 2272 326 2337 Dei
341 2273 499 2340 deseendit
513 2276 553 2339 ad
569 2274 699 2339 terram:
716 2274 784 2339 ideo
799 2276 832 2339 et
846 2274 907 2358 ipsi
921 2273 1055 2339 sollicita
1069 2273 1309 2357 interrogatione

179 2377 377 2458 respondent:
400 2369 498 2460 ‘quis
520 2379 580 2443 est
601 2378 679 2443 iste
700 2396 764 2443 rex
785 2370 971 2463 gloriae?'
1006 2376 1118 2459 quibus
1133 2376 1309 2459 quaerenti·
1401 2448 1420 2473 ⁶

179 2481 237 2546 bus
252 2481 413 2564 perspicua
428 2480 572 2546 Christus
586 2482 723 2546 numinis
738 2482 787 2546 sui
802 2482 967 2547 maiestate
981 2480 1159 2563 respondet:
1180 2473 1309 2544 ‘domi-

179 2604 248 2650 nus
271 2585 389 2650 fortis
411 2587 448 2650 et
470 2585 620 2669 potone,
655 2584 981 2668 dominuspotens
996 2572 1224 2667 in'proelio.'
1258 2600 1309 2647 oo-

143 2689 339 2771 agnoscitur
350 2689 460 2755 statim
474 2707 493 2753 a
507 2689 687 2754 custodibus
699 2688 775 2753 eseli
786 2688 871 2754 filius
882 2688 941 2753 Dei
952 2689 984 2754 et
995 2688 1142 2771 quioquid
1155 2688 1225 2751 illos
1237 2687 1309 2752 ante

178 2790 292 2856 fefellit
321 2794 507 2876 agnoscunt:
539 2792 648 2857 uident
669 2792 816 2874 prostrati
839 2793 937 2857 bostis
960 2792 1086 2857 exuuias
1108 2791 1139 2855 et
1158 2791 1309 2855 recordati

178 2895 296 2976 primae
307 2896 517 2978 dispositionis
529 2894 667 2960 ordinem
678 2895 774 2960 etiam
784 2895 846 2978 ipsi
861 2913 932 2960 oum
947 2895 1181 2961 aseendentibus
1196 2894 1309 2959 iterata

178 2998 383 3080 pariteruooe
397 2998 602 3064 conclamant:
625 2991 1308 3081 ‘tolliteportasquipraeestisillis

180 3103 217 3166 et
239 3103 422 3168 extollite
444 3119 526 3181 uos,
558 3103 694 3185 portae
726 3102 919 3180 aeternae,
957 3102 995 3166 et
1026 3101 1213 3167 introibit
1244 3119 1309 3166 rex

144 3194 354 3288 augloriao?
376 3224 497 3271 reuerso
521 3206 587 3271 filio
609 3205 760 3288 promissa
774 3207 862 3288 pater
882 3206 969 3290 regni
984 3208 1105 3289 seeptro
1125 3205 1214 3271 restit
1238 3204 1339 3269 ’1116

179 3306 290 3371 sellam
308 3310 396 3393 regni
418 3330 515 3393 aequa
535 3310 688 3394 potestate
710 3308 863 3389 coneedit,
887 3313 924 3376 ut
945 3311 1092 3393 imperet,
1116 3310 1152 3373 ut
1177 3327 1308 3393 regnum

179 3411 299 3491 teneat,
322 3414 358 3477 ut
372 3415 520 3495 perpetua
534 3415 671 3480 numinis
686 3415 734 3479 sui
745 3414 910 3481 maiestate
924 3412 1107 3478 dominetur.
1146 3411 1219 3476 audi
1234 3410 1309 3493 quid

179 3514 217 3580 de
241 3515 298 3580 illo
323 3515 508 3582 Danihelem
528 3518 655 3601 spiritus
675 3519 800 3583 sanetus
821 3516 949 3583 iusserit
963 3516 1079 3581 disere:
1115 3507 1310 3581 ‘uidebam

177 3618 216 3683 in
238 3619 327 3684 uisu
349 3621 459 3686 noete
481 3622 517 3686 et
539 3639 624 3687 eooe
657 3621 698 3686 in
730 3620 897 3686 nubibus
931 3620 1030 3686 oaeli
1058 3618 1167 3701 quasi
1194 3617 1309 3683 filius

281 3790 577 3855 amcos-‚mooe
634 3791 670 3849 13
688 3790 834 3860 Peren.
900 3790 935 3847 17
954 3790 1070 3847 111118.
1135 3788 1307 3847 131119.

178 3876 217 3934 28
235 3877 303 3931 Dan.
317 3878 344 3942 7,
358 3876 393 3935 13
406 3894 445 3947 sq.

229 4033 397 4090 21uoidiora
409 4034 490 4089 solito
502 4034 530 4088 P
587 4033 606 4090 8
623 4033 744 4104 preoepit
756 4034 785 4088 P
837 4031 1017 4090 erenbertus
1029 4032 1056 4087 P
1109 4030 1147 4089 10
1164 4047 1215 4100 que
1227 4030 1310 4085 susei-

176 4120 294 4188 peratP
358 4122 394 4179 12
412 4121 562 4192 potentiam
582 4137 601 4174 o
676 4120 712 4177 13
733 4120 867 4190 principos
889 4136 919 4173 a:
938 4118 1107 4189 prinoipisP
1129 4120 1142 4187 ll
1165 4119 1249 4173 uestri
1271 4117 1310 4172 P:

177 4208 282 4260 uestras
295 4224 329 4276 a‚·
341 4210 374 4263 ia
385 4214 497 4276 recepta
507 4223 614 4276 quoquo
625 4207 741 4261 11111111
753 4206 850 4271 uestri,
865 4212 897 4261 ut
907 4204 1085 4260 distinetione
1094 4204 1250 4259 iudiearem
1262 4210 1310 4267 eet,

175 4293 281 4362 pendet
292 4310 311 4347 a
326 4310 384 4349 ooo.
397 4297 489 4364 portas
512 4296 525 4362 11
548 4308 596 4347 uos
608 4292 720 4347 addidit
731 4292 859 4346 Boreion
871 4292 919 4361 (cs.
932 4290 1013 4357 infra
1024 4308 1050 4345 a.
1064 4292 1130 4359 24),
1150 4290 1312 4344 extollimini

182 4379 265 4449 Gypr.
279 4381 374 4433 testim.
389 4380 430 4445 II,
444 4384 483 4434 29
537 4379 579 4446 ,14
597 4379 746 4433 aeternales
758 4395 777 4432 a
841 4377 876 4434 14
889 4376 965 4433 1114
983 4375 1150 4431 introiuitP
1214 4376 1251 4433 17
1270 4392 1312 4430 re-

178 4465 290 4536 spondet
301 4466 355 4535 Pa,
368 4484 415 4521 em.
430 4467 557 4522 Boreion
616 4465 654 4522 26
673 4467 704 4520 ut
724 4467 819 4536 regnet
839 4467 870 4518 ut
891 4466 983 4518 teneat
995 4463 1052 4529 Pa,
1072 4466 1103 4518 ut
1114 4478 1197 4533 regna
1217 4464 1311 4517 teneat

183 4554 334 4618 Wowerus,
354 4556 385 4607 ut
397 4569 508 4623 regnum
519 4556 540 4607 t
553 4554 656 4609 rectius
667 4552 759 4607 mocio
770 4553 833 4622 quis
845 4552 964 4620 primm
975 4551 1086 4620 scripsit

1059 4638 1104 4703 8*
