3300 5142
375 529 431 581 xn

376 698 434 776 cst,
459 709 521 759 nec
543 684 734 774 ratimari,
761 707 867 755 sensu
889 683 1005 756 iunior
1029 687 1093 777 est)
1117 682 1318 782 supplenda
1340 709 1416 756 esse
1439 683 1502 754 du·

375 806 463 878 dum
487 805 701 880 Canterus
720 815 757 878 et
774 801 965 876 Vrsinus
989 817 1264 904 perspexerunt,
1289 829 1502 902 quamquam

374 925 616 1000 recentissimi
639 925 796 998 editores
819 923 990 1022 locupleti
1004 923 1176 1023 Cypriani
1200 923 1407 998 testimonio
1430 950 1501 996 non

374 1049 489 1144 magis
513 1073 621 1144 quam
644 1071 732 1119 sano
755 1044 965 1118 criticorum
1002 1043 1136 1118 iudicio
1173 1043 1282 1117 fidem
1307 1043 1501 1118 habebant:

372 1167 596 1240 illudtamen
612 1164 851 1238 dubit-andum
869 1165 1029 1254 uidetur,
1056 1177 1200 1238 rectene
1223 1164 1323 1238 locus
1346 1165 1397 1238 sic
1420 1191 1501 1263 sup-

372 1286 491 1386 pletus
514 1285 576 1359 sit:
599 1310 662 1358 nec
691 1286 885 1382 conprendi
902 1297 1033 1382 potest,
1063 1299 1158 1358 tuctu
1176 1284 1305 1382 purior
1328 1298 1394 1376 est,
1422 1310 1501 1358 cum

372 1404 547 1480 orationis
570 1405 795 1480 concinnitas
817 1404 886 1478 hoc
918 1407 1040 1504 potius
1064 1406 1227 1503 flagitare
1250 1405 1427 1495 uideatur,
1465 1419 1501 1476 ut

373 1525 525 1600 uerbum
543 1538 678 1624 potest,
707 1555 780 1626 quo
803 1539 901 1602 caret
918 1527 1133 1627 Cyprianus,
1161 1527 1363 1600 adiectione
1381 1551 1501 1600 neces-

372 1647 466 1722 saris
486 1659 630 1747 recepta
662 1647 837 1737 deleatur,
865 1647 942 1722 siue
964 1646 1052 1720 illud
1077 1674 1123 1720 ex
1140 1647 1272 1744 purior
1294 1659 1344 1722 cst
1364 1659 1501 1720 utcum-

371 1793 443 1867 que
465 1769 703 1867 deprauatum
725 1769 803 1842 siue
827 1795 873 1842 ex
897 1794 997 1842 mers
1019 1767 1299 1867 interpolatione
1322 1767 1498 1840 adiectum

371 1900 436 1962 est.
451 1889 558 1961 -In
582 1889 743 1962 eiusdem
767 1887 894 1987 capit-is
918 1892 937 1982 ᾗ
965 1893 989 1962 4
1025 1914 1132 1986 aegre
1155 1889 1280 1962 credas
1304 1887 1499 1961 Minucium

370 2009 576 2108 scripsisse:
599 2010 652 2083 itu
674 2009 713 2082 in
735 2008 950 2082 hermundi
972 2009 1074 2082 domo
1098 2033 1177 2082 rum
1200 2009 1336 2081 caeluni
1360 2021 1499 2080 terrum-

370 2155 438 2230 quc
455 2129 657 2228 perspicius
688 2129 979 2224 prouidentiam,
1021 2129 1196 2218 ordinem,
1222 2127 1353 2226 leucus,
1404 2128 1500 2201 crede
1593 2129 1594 2220 ζ

369 2275 441 2326 case
463 2250 707 2324 uniuersitatis
731 2249 913 2323 dominum
936 2262 1002 2323 etc.
1041 2275 1122 2322 nam
1147 2275 1212 2323 neo
1235 2249 1377 2350 placent
1400 2275 1500 2322 accu—
1593 2235 1594 2238 ¹

369 2371 477 2445 sstiui
500 2370 764 2466 prouidentiam
787 2369 946 2442 ordinem
983 2368 1091 2466 leqcni
1127 2371 1171 2441 ad
1208 2370 1312 2470 plane
1336 2369 1499 2442 diuersos
1593 2381 1594 2450 ζ

368 2489 506 2566 caelum
530 2503 727 2588 terramque
749 2487 890 2580 adiecti,
914 2514 981 2563 nec
1002 2489 1137 2563 locutio
1161 2489 1237 2588 ipsa
1262 2515 1343 2562 cum
1366 2488 1501 2562 caeluni
1593 2469 1594 2498 ³

369 2623 565 2709 terramque
596 2611 815 2706 perspicius,
859 2609 1032 2707 quoniam
1071 2609 1222 2682 uerbum
1259 2607 1499 2710 perspiciendi

367 2729 438 2804 tals
461 2743 527 2817 est,
552 2731 651 2827 quod
670 2730 714 2801 de
733 2756 773 2802 re
791 2729 858 2802 sub
883 2755 1010 2803 sensus
1029 2731 1179 2803 cadente
1198 2755 1270 2803 non
1292 2743 1498 2829 usurpatur.

367 2849 521 2923 nimium
544 2862 666 2922 tamen
689 2852 922 2924 temerarium
948 2853 1092 2924 uidetur
1116 2850 1226 2924 uerba
1262 2851 1402 2924 coelum
1441 2863 1500 2922 ter·

367 2995 514 3070 rumque
549 2995 631 3044 cum
674 2970 902 3044 Lindnero
946 2985 985 3043 ut
1028 2971 1208 3069 glossema
1243 2970 1498 3057 exterminare,

368 3117 587 3189 quamquam
610 3089 698 3163 illud
722 3091 871 3188 quidem
893 3104 990 3163 recte
1018 3090 1199 3164 intellexit
1235 3090 1390 3166 uerbum
1423 3113 1499 3187 per·

365 3211 501 3308 spicios
523 3212 568 3284 sd
582 3209 679 3283 solos
693 3209 918 3283 accusatiuos
932 3209 1197 3306 prouidentiam
1216 3211 1377 3284 ordinem
1394 3209 1500 3306 lepus

364 3331 557 3429 pertinere.
583 3329 814 3428 uerisimilius
839 3342 909 3414 est,
947 3329 984 3401 id
1008 3331 1106 3427 quod
1131 3329 1311 3404 Vahlenio
1340 3330 1378 3401 in
1402 3355 1499 3402 men·

364 3461 440 3522 tem
477 3453 593 3540 uenit,
621 3450 853 3550 participium
886 3449 1041 3524 lustrans
1070 3450 1124 3523 uel
1158 3449 1382 3546 per·lustrans
1421 3457 1501 3549 post

364 3582 561 3668 terramque
583 3570 819 3657 intercidisse,
844 3595 955 3666 quare
969 3568 1117 3644 lacunae
1132 3570 1278 3667 signum
1293 3572 1499 3670 posuimus;
1592 3621 1593 3662 7

363 3689 407 3762 cf.
432 3715 459 3762 c.
488 3693 546 3777 17,
570 3694 594 3762 4
622 3688 842 3764 cumoculos
883 3690 920 3762 in
949 3689 1086 3764 caelum
1121 3689 1307 3764 sustuleris
1344 3703 1376 3762 ct
1411 3712 1500 3788 quus
1592 3667 1593 3733 l

361 3820 445 3882 sunt
479 3809 579 3906 infru
615 3811 781 3909 circaque
812 3809 1030 3884 lustruueris
1058 3807 1140 3883 Non
1163 3809 1286 3883 minus
1314 3809 1500 3910 probabile

363 3928 526 4019 uidetur,
568 3929 666 4027 quod
698 3931 793 4003 idern
836 3932 988 4022 monuit,
1017 3957 1046 4004 c.
1078 3933 1136 4020 13,
1161 3933 1181 4003 3
1212 3931 1249 4003 in
1278 3929 1349 4003 illis
1379 3929 1499 4005 uerbis

360 4041 438 4120 ‘loc
455 4049 559 4144 sonte
585 4050 733 4146 defluuit
748 4047 933 4124 Arcesilae
957 4064 988 4126 ct
1008 4049 1118 4124 multo
1136 4063 1221 4147 post
1248 4047 1451 4124 Carneadis
1472 4061 1501 4123 ct

362 4167 657 4244 Academicorum
668 4169 909 4267 plurimorum
928 4171 966 4243 in
980 4174 1127 4244 summis
1140 4172 1412 4269 quaestionibus
1428 4183 1501 4244 tutu

361 4277 547 4361 dubitatio'
571 4315 703 4363 nomen
731 4287 904 4388 Pyrronis
939 4290 1145 4378 desiderari,
1176 4305 1217 4364 ut
1242 4315 1293 4365 ex
1321 4317 1499 4392 responso

360 4402 504 4480 Octauii
519 4435 551 4506 p.
569 4413 629 4500 54,
647 4413 706 4501 16,
734 4435 807 4506 quo
835 4408 914 4482 loco
942 4410 1030 4483 haec
1056 4411 1134 4509 ipss
1162 4411 1272 4485 uerba
1299 4412 1500 4513 respiciun-
