3300 5142
540 551 703 619 Dialogus
720 552 734 604 1
752 550 798 619 (11,
817 549 909 618 3-4)
1261 545 1322 610 185

198 707 269 770 niue
293 708 343 770 est
367 705 502 784 locutus,
530 706 563 770 in
588 706 765 789 episcopatu
796 725 882 784 uero,
917 703 998 786 qnod
1023 701 1265 786 praetermisisse
1291 704 1322 766 te

198 808 308 886 miror,
330 828 428 874 unum
452 810 666 875 tantummodo
690 809 857 874 suscitarit.
882 808 968 874 cuius
990 807 1033 870 rei
1054 823 1110 890 ego
1130 806 1221 870 testis
1241 822 1321 882 sum,

200 913 227 977 si
241 914 347 978 tamm
360 911 440 976 nihil
453 911 491 976 de
504 912 611 977 idoneo
626 912 706 977 testo
720 912 881 977 dubitatis.
904 911 938 976 id
963 911 1067 993 ipsum
1093 895 1198 973 autem
1221 907 1321 986 uobis,

198 1016 332 1098 qualiter
356 1017 480 1099 gestum
505 1017 562 1094 sit,
584 1015 749 1099 explicabo.
780 1014 882 1080 fuerat
902 1033 994 1080 causa
1015 1011 1117 1076 neseio
1132 1030 1193 1093 qua
1208 1008 1353 1074 carno-r

177 1121 269 1184 ctum
282 1119 431 1201 oppidum
443 1118 631 1201 petebamus.
648 1119 780 1197 interea,
796 1118 872 1183 dum
886 1117 991 1182 uicum
1006 1115 1157 1199 quendam
1177 1113 1322 1179 habitan-

198 1221 281 1286 tium
305 1221 507 1286 multitudine
532 1222 815 1304 frequentissimum
841 1220 1060 1304 praeterimus,
1084 1218 1208 1282 obuiam
1233 1216 1321 1282 nobis

199 1325 332 1390 inmanis
347 1325 438 1389 turba
452 1326 613 1407 processit,
636 1344 713 1407 quae
728 1325 795 1390 erat
808 1326 876 1389 tota
891 1323 1071 1408 gentilium:
1094 1341 1168 1386 nam
1181 1338 1271 1385 nemo
1283 1319 1319 1384 *in

198 1428 254 1491 illc
267 1428 336 1493 uico
349 1428 477 1492 nouerat
491 1426 710 1493 Christianum.
734 1447 842 1494 uorum
862 1427 902 1492 ad
920 1426 1038 1492 famam
1058 1425 1139 1496 tanti
1159 1424 1220 1488 uiri
1237 1441 1321 1488 cem-

198 1547 253 1612 pos
267 1548 372 1595 omnes
386 1531 449 1595 late
462 1533 603 1613 patentes
618 1531 835 1597 confluentium
845 1528 1014 1595 mrdtitudc
1026 1529 1208 1594 contexerat.
1225 1527 1350 1595 semen

162 1647 190 1687 1⁰
198 1634 352 1698 Martinus
372 1635 558 1716 operandum
579 1636 611 1699 ot
629 1635 830 1699 adnuntiante
844 1634 903 1698 sibi
924 1632 1036 1715 spiritu
1050 1633 1135 1696 totus
1150 1630 1320 1707 infremuit,

197 1756 253 1803 neo
267 1737 397 1802 mortale
417 1754 530 1802 sonans
550 1738 678 1802 uerbum
700 1738 760 1802 Dei
780 1737 949 1821 gentilibus
964 1735 1177 1818 praedicabat,
1200 1733 1321 1815 saepius

200 1839 425 1923 ingemescens,
441 1860 496 1905 cur
510 1842 596 1905 tanta
609 1841 777 1905 Dominum
792 1839 986 1904 Saluatorem
1000 1839 1093 1903 turba
1106 1837 1247 1904 nesciret.
1271 1838 1320 1902 in-
1332 1847 1349 1901 6

197 1943 296 2020 terea,
334 1943 415 2008 sicut
438 1961 494 2008 nos
518 1943 706 2008 incredibilis
731 1943 974 2008 circumdederat
1000 1942 1186 2020 multitudo,
1209 1941 1322 2006 mulier

196 2038 363 2127 quaedam,
396 2045 484 2112 cuius
509 2045 591 2110 filius
616 2046 720 2128 paullo
746 2048 817 2111 ante
843 2041 1011 2123 defecerat,
1046 2063 1155 2128 corpus
1182 2045 1319 2110 exanime

162 2147 287 2212 abab
312 2150 379 2213 uiro
403 2149 554 2232 protensis
575 2149 718 2212 manibus
741 2151 841 2230 coepit
855 2149 962 2213 offerro
976 2149 1095 2213 dicens:
1119 2148 1232 2212 scimus
1248 2148 1321 2229 quia

198 2251 316 2316 amicus
330 2252 390 2316 Dei
405 2271 453 2316 es:
476 2251 605 2316 restitue
619 2252 697 2316 mihi
712 2251 812 2316 filium
827 2271 946 2328 meum,
959 2251 1031 2333 quia
1045 2250 1153 2315 unicus
1168 2249 1246 2314 mihi
1263 2251 1319 2314 est.

197 2352 298 2418 iunxit
323 2373 356 2418 se
381 2356 483 2420 cetera
507 2355 676 2419 multitudo
690 2357 723 2420 et
736 2355 847 2418 metris
868 2354 1008 2436 precibus
1023 2352 1227 2418 adclamabat.
1251 2353 1348 2425 tumr

197 2454 351 2523 Martinus
365 2457 473 2521 uidens
494 2474 549 2539 pro
569 2457 795 2540 expectantium
809 2457 927 2536 salute,
948 2459 986 2522 ut
1011 2457 1117 2539 postea
1141 2455 1229 2520 nobis
1255 2456 1320 2537 ipse

198 2558 335 2636 dicebat,
368 2560 512 2641 consequi
537 2579 569 2624 se
593 2578 682 2642 poseo
706 2561 873 2639 uirtutem,
897 2559 1034 2626 defuncti
1057 2577 1165 2642 eorpus
1188 2558 1319 2642 propriis

160 2662 341 2726 romanibus
367 2663 502 2744 accepit:
526 2664 557 2726 et
582 2683 653 2728 cum
679 2664 890 2746 spectantibus
916 2663 1034 2728 cunctis
1061 2682 1160 2746 genua
1174 2662 1318 2740 flexisset,

196 2763 251 2828 ubi
275 2767 487 2829 consummata
506 2765 642 2830 oratione
664 2766 814 2844 surrexit,
836 2765 1032 2831 uiuificatum
1047 2765 1210 2848 paruolum
1224 2765 1319 2831 matri

196 2867 341 2933 reddidit.
365 2869 434 2932 tum
449 2885 521 2932 uero
535 2868 705 2932 multitudo
719 2867 827 2949 omnisl
840 2869 872 2933 in
893 2868 1013 2934 caelum
1040 2868 1172 2933 elamore
1198 2869 1348 2934 sublatos

196 2967 354 3036 Christum
378 2972 479 3035 Deum
505 2970 615 3048 fateri,
637 2973 792 3054 postremo
817 2971 920 3036 cuncti
946 2971 1129 3036 cateruatim
1154 2972 1194 3036 ad
1221 2989 1320 3054 genua

194 3073 279 3138 beati
304 3074 365 3138 uiri
390 3092 476 3138 ruere
502 3075 680 3156 coeperunt,
703 3073 836 3138 fideliter
859 3073 1048 3156 postulantes
1073 3076 1109 3138 ut
1134 3091 1183 3137 eos
1205 3073 1320 3138 faceret

159 3174 396 3242 seGbristiancs.
419 3195 474 3242 nec
495 3179 670 3253 cunctatus,
693 3177 726 3242 in
750 3177 851 3241 medio
874 3177 911 3240 ut
936 3176 1023 3241 erant
1049 3195 1171 3258 campo,
1194 3177 1347 3242 cunctose

77 3343 85 3356 ,
195 3278 329 3362 inposita
343 3280 494 3347 uniuersis
509 3300 603 3345 manu
618 3280 851 3345 catechumenos
865 3279 956 3356 feeit,
980 3297 1050 3343 eom
1066 3280 1189 3360 quidem
1210 3279 1250 3344 ad
1263 3299 1318 3346 nos

196 3399 358 3446 conuersm
378 3383 511 3461 diceret,
533 3401 594 3447 non
613 3382 872 3448 inrationabiliter
895 3383 927 3446 in
952 3401 1060 3466 campo
1087 3384 1317 3448 catechumenos

196 3482 279 3562 fieri,
303 3485 356 3549 ubi
371 3486 502 3550 solerent
516 3489 668 3570 martyres
683 3487 861 3551 consecrari.
1052 3497 1053 3502 ’

247 3657 263 3712 1
279 3656 503 3725 praetermisisset
522 3655 604 3710 miror
627 3654 655 3709 V
703 3657 721 3712 2
739 3655 878 3710 suscitarit
889 3657 956 3710 AF:
984 3656 1126 3710 suscitaret
1151 3656 1188 3721 V,
1207 3656 1319 3710 suscita-

193 3741 293 3796 ueritc
344 3741 363 3798 3
380 3742 413 3795 de
433 3741 526 3796 idoneo
549 3742 585 3796 V:
604 3741 636 3796 de
655 3741 744 3796 minus
764 3742 857 3796 idoneo
878 3743 961 3805 ΑΗ),
980 3741 1011 3795 de
1032 3758 1074 3796 me
1095 3743 1182 3796 minus
1204 3741 1238 3795 id.
1258 3741 1323 3795 ΒΜ

245 3826 368 3883 4nescio
389 3842 442 3895 qna
461 3827 555 3882 AFV:
573 3827 748 3897 nescioquas,
769 3845 850 3896 qnae
881 3830 893 3896 ll
925 3827 1103 3882 camutnt
1159 3827 1320 3886 5habitan-

194 3915 253 3966 tum
278 3913 304 3967 V
386 3913 561 3970 Schristom
580 3914 611 3968 F
629 3929 698 3968 corr.
720 3921 784 3969 eto
863 3914 991 3972 9sensit
1015 3916 1051 3970 V:
1079 3915 1162 3970 sensit
1183 3913 1228 3966 hic
1247 3913 1320 3967 AFc

247 3999 282 4055 11
295 3998 420 4054 uerbaV
464 4001 500 4056 12
519 3999 695 4068 ingemiscens
707 4001 779 4054 AVo
833 4001 869 4056 13
887 4001 1032 4056 multitudo
1045 4001 1278 4054 -deieeeratom⁸
1292 3999 1323 4054 F

191 4099 234 4152 pr.
247 4100 280 4137 m.
361 4085 398 4141 14
416 4086 594 4140 exanimumv
675 4085 712 4142 16
730 4085 879 4140 estmihic
949 4086 985 4144 17
1005 4086 1173 4140 adclamabat
1185 4085 1260 4154 (acet
1278 4085 1320 4155 F)

193 4169 321 4225 AFMV:
339 4171 497 4226 acclamato
561 4170 597 4228 19
616 4176 701 4226 scota
720 4173 745 4226 V
806 4172 846 4229 20
863 4173 1046 4242 spectantibus
1059 4172 1159 4227 BMV:
1180 4175 1319 4240 expecten-

193 4255 268 4309 tibus
279 4256 374 4326 AFQ,
387 4256 600 4326 inspectantibus
612 4275 628 4312 o
679 4258 715 4313 21
734 4257 824 4312 ubi-
835 4259 950 4313 surrexit
962 4275 1010 4313 om.
1028 4258 1055 4312 V
1068 4259 1080 4326 ΙΙ
1096 4258 1237 4326 paruulum
1248 4259 1320 4312 AFo

244 4341 282 4398 22
300 4341 417 4396 reddidit
429 4347 449 4396 2
460 4343 536 4398 codd.
556 4343 610 4398 Gis.
625 4349 651 4396 et
667 4343 702 4396 V:
720 4345 843 4398 restituit
849 4345 927 4400 ‘AFo
979 4345 1017 4400 23
1035 4343 1113 4398 deum
1129 4343 1251 4398 ABFV:
1270 4343 1318 4398 do·

192 4426 323 4482 minume
344 4429 357 4495 ll
380 4428 460 4483 lateri
471 4428 602 4483 dixereF
621 4430 634 4495 ΙΙ
655 4431 859 4497 postrcmdAF
913 4430 952 4486 24
969 4429 1087 4484 fertiliter
1103 4430 1129 4484 V
1187 4431 1225 4488 25
1243 4432 1320 4483 erant

193 4511 261 4567 AV:
279 4516 337 4566 orat
348 4513 393 4570 Fc
456 4515 494 4572 26
512 4515 709 4570 cathecuminos
725 4515 760 4580 V,
778 4516 843 4570 iton
855 4516 1011 4584 paulopost
1083 4515 1121 4572 28
1140 4515 1226 4570 solent
1237 4512 1320 4583 ΑΓΘ
