3300 5142
323 519 361 568 VI

322 653 371 729 tis
400 655 562 754 legendis
599 682 725 757 parum
764 668 907 731 uersato
947 657 1164 757 exscriptas,
1202 683 1355 756 quarum
1384 683 1454 758 ope

323 773 420 848 haud
441 801 575 874 paucos
597 774 695 850 locos
719 788 911 875 corruptos
934 775 1156 851 emendauit:
1180 787 1323 876 poterat
1344 777 1453 851 etiam

324 892 444 992 plures
474 920 617 987 sanare,
642 894 711 969 nisi
735 896 900 994 uulgatae
929 922 1037 994 quam
1060 907 1206 987 uocant,
1237 921 1454 994 quamquam

323 1011 363 1085 in
384 1013 454 1086 hoo
475 1013 588 1105 libro,
619 1026 659 1088 ut
680 1014 794 1114 ipsius
818 1015 941 1088 uerbis
965 1026 1065 1106 utar,
1094 1013 1151 1087 ‘ab
1174 1015 1321 1089 homine
1344 1015 1455 1090 eccle·

323 1131 398 1206 siae
419 1131 601 1207 Romanae
632 1134 790 1208 maxime
817 1132 971 1208 infenso’
994 1135 1154 1234 profecta
1176 1147 1272 1222 erat,
1303 1134 1455 1208 nimium

323 1250 489 1326 addictus
528 1253 665 1327 fuisset.
705 1253 775 1328 iam
807 1253 1053 1353 Hieronymus
1085 1254 1130 1327 de
1159 1253 1271 1327 Prato
1302 1254 1347 1326 ad
1378 1278 1457 1327 eam
1498 1306 1504 1320 .

324 1371 541 1445 sententiam
570 1373 912 1462 inclinaue1·at‚.ut
944 1373 1105 1448 codicem
1133 1372 1339 1447 Romanum
1374 1397 1457 1447 eum

324 1489 446 1588 ipsum
477 1516 572 1582 esse,
610 1518 719 1591 quem
753 1493 894 1567 Flacius
927 1503 1180 1592 usurpauerat‚
1221 1491 1457 1582 existimaret,

325 1632 393 1683 neo
422 1620 542 1714 tamen
574 1612 818 1686 coniecturam
854 1638 956 1686 suam
986 1611 1169 1685 dacobo
1201 1609 1459 1710 Bernaysio

325 1726 505 1827 probauit,
526 1730 642 1829 quiin
662 1731 807 1830 egregia
825 1731 1140 1823 commentatione,
1160 1757 1266 1829 quam
1286 1732 1331 1804 de
1345 1729 1460 1805 Chro-

325 1847 418 1921 nicis
437 1847 561 1922 Seueri
579 1849 738 1925 Berolini
764 1877 794 1924 a.
816 1855 913 1925 1861
939 1851 1068 1942 edidit,
1093 1877 1128 1950 p.
1144 1853 1191 1922 72
1212 1849 1358 1948 negauit
1379 1849 1461 1924 fieri

324 1966 487 2066 potuisse
510 1980 551 2041 ut
571 1968 712 2044 Flacius
735 1971 924 2070 illyricus,
960 1969 989 2044 si
1014 1969 1138 2044 codice
1159 1969 1323 2043 Romano
1347 1980 1461 2042 uterc-

325 2096 403 2177 tur,
426 2096 483 2160 tot
500 2097 694 2189 tantosque
715 2115 856 2165 errores
879 2091 1132 2164 committeret.
1156 2088 1261 2162 nobis
1284 2114 1380 2161 noua
1401 2113 1462 2162 co·

325 2204 416 2280 dicis
434 2207 642 2300 collatione,
668 2236 777 2309 quam
800 2209 998 2284 Carolus
1021 2208 1377 2307 Zangemeister
1399 2232 1462 2282 cu·

328 2326 442 2418 rauit,
481 2356 559 2420 res,
595 2331 640 2404 de
663 2356 734 2429 qua
756 2341 949 2427 antequam
972 2328 1107 2402 codicis
1137 2327 1336 2426 scripturae
1358 2351 1463 2402 accu-

328 2459 405 2524 rate
439 2450 604 2548 cognitae
633 2463 753 2523 essent
782 2448 947 2521 dubitare
964 2471 1101 2547 posses,
1119 2446 1282 2520 confecta
1301 2445 1463 2518 uidetur:

328 2567 437 2644 certis
460 2567 556 2644 enim
586 2567 809 2666 argumentis
840 2566 880 2639 in
910 2564 1214 2640 commentatione
1245 2563 1460 2654 academica,

329 2714 440 2788 quam
465 2713 559 2761 anno
590 2686 776 2786 superiore
798 2685 896 2759 edidi
927 2687 978 2783 (u.
1001 2681 1314 2784 Sz'tzuopsbericdte
1341 2685 1404 2758 der
1428 2681 1463 2763 lc.

330 2807 445 2909 boyer.
473 2806 661 2881 Academia
688 2808 750 2880 der
785 2794 883 2880 Wrss.
920 2808 1029 2879 1865.
1060 2804 1107 2896 11,
1141 2806 1181 2889 2,
1217 2830 1251 2903 p.
1271 2805 1317 2876 37
1347 2803 1461 2902 sqq.)‚

329 2927 421 3002 mihi
455 2929 721 3000 demonstrasse
763 2925 889 2999 uideor
917 2923 1114 2998 editionem
1152 2921 1352 3022 principem
1387 2945 1463 2994 non

329 3073 378 3124 ex
409 3046 477 3120 alio
508 3045 630 3120 codice
661 3071 769 3143 quam
796 3070 844 3119 ex
873 3041 1051 3119 Vaticano
1080 3042 1241 3116 fluxisse.
1265 3042 1310 3117 de
1332 3041 1401 3114 hac
1422 3064 1463 3116 re

331 3177 372 3241 ut
390 3165 504 3241 cuiuis
528 3191 593 3239 suo
615 3165 749 3240 iudicio
772 3163 824 3238 uti
846 3163 990 3252 liceret,
1013 3163 1051 3236 in
1074 3161 1373 3238 commentarium
1393 3159 1462 3234 ori-

330 3288 444 3363 tioum
486 3287 659 3362 lectiones
700 3309 844 3384 quoque
890 3282 1058 3357 editionis
1098 3280 1290 3382 principis,
1337 3303 1461 3379 quam·

330 3434 439 3508 quam
469 3407 569 3481 omni
592 3432 671 3481 eam
702 3404 916 3479 auctoritate
938 3427 1059 3477 carere
1088 3401 1160 3474 iam
1181 3410 1346 3500 apparet,
1370 3396 1460 3473 reci-

330 3527 478 3628 piendas
510 3526 735 3627 putauimus‚
771 3524 836 3598 sed
864 3527 915 3596 ita
945 3533 984 3595 ut
1013 3520 1098 3594 inde
1125 3546 1147 3592 a
1175 3519 1271 3594 libro
1301 3518 1462 3593 secundo

331 3646 505 3722 nonnulla
526 3646 668 3719 minora
689 3644 766 3718 eius
789 3641 878 3716 uitia
898 3640 1281 3742 praetermitteremus.
1311 3663 1356 3711 ne
1380 3636 1460 3736 quis

329 3777 451 3842 autem
481 3766 636 3839 miretur
667 3765 765 3864 quod
788 3763 927 3851 codex,
951 3760 1014 3860 qui
1045 3759 1228 3859 quondam
1260 3757 1299 3831 in
1329 3755 1461 3829 biblio-

330 3888 436 3961 theca
458 3884 615 3960 ciuitatis
638 3881 875 3956 Hildesiensis
908 3879 1048 3972 fuerat,
1084 3878 1194 3953 hodie
1224 3878 1262 3951 in
1283 3873 1462 3950 Vaticana

330 4004 554 4096 inueniatur3
577 4029 660 4077 nam
680 4003 771 4076 liber
793 4025 902 4076 exeo
925 4023 1075 4073 numero
1098 4008 1173 4089 est,
1197 4021 1287 4096 quos
1310 4021 1341 4068 a.
1363 3994 1459 4068 1623
1494 3973 1503 3992 ⁹

330 4151 378 4200 ex
401 4123 618 4198 bibliotheca
640 4121 802 4198 Palatina
824 4120 978 4194 Romam
1006 4129 1152 4192 auectos
1182 4126 1219 4191 et
1247 4141 1295 4190 ex
1322 4114 1460 4187 littera·

330 4271 412 4319 rum
448 4245 529 4319 luce
564 4244 700 4317 ablatos
746 4265 823 4315 esse
859 4265 926 4313 nos
963 4236 1134 4312 Germani
1173 4235 1282 4310 hodie
1316 4256 1461 4333 quoque

330 4389 473 4440 summo
518 4375 646 4437 nostro
688 4362 766 4435 iure
805 4358 1047 4458 deploramus.
1100 4355 1227 4429 similis
1262 4363 1319 4427 est
1353 4377 1463 4426 causa
