3300 5142
325 535 391 580 VIII

378 668 484 759 Quod
507 671 660 745 Seuerus
690 698 767 771 lpse
789 673 968 771 gloriatus
1003 688 1059 750 est
1094 677 1225 750 librum
1263 704 1369 775 quem
1407 679 1452 751 de

326 789 401 862 uita
422 789 568 864 Martini
592 790 764 866 edidisset
786 793 950 868 studiose
981 795 1051 893 legi
1075 799 1125 894 (u.
1148 797 1261 896 Epist.
1288 805 1327 886 1,
1354 800 1392 895 1)
1415 810 1451 872 et

325 933 390 1007 per
419 919 538 983 totum
570 910 642 984 fere
670 911 793 984 orbem
824 923 1004 987 terrarum
1045 928 1251 1014 penetrasse
1281 916 1389 1014 (Dial.
1419 917 1447 1007 Ι,

328 1031 387 1118 20,
413 1031 455 1118 3,
479 1030 522 1103 cf.
542 1029 648 1103 etiam
670 1029 762 1104 Dial.
785 1033 852 1122 ΙΙΙ,
880 1038 937 1122 17,
960 1037 985 1106 4
1006 1036 1114 1132 sqq),
1138 1035 1208 1108 hoc
1229 1035 1337 1108 hodie
1361 1061 1449 1133 quo-

327 1173 396 1245 que
419 1173 465 1221 ex
487 1159 588 1248 parte
615 1151 739 1224 testari
769 1179 981 1251 possumus:
1012 1179 1092 1225 nam
1118 1154 1182 1226 uix
1206 1153 1276 1226 ulla
1298 1155 1450 1253 amplior

325 1266 542 1343 bibliotheca
563 1280 700 1360 exstat,
724 1271 759 1344 in
785 1298 856 1369 qua
884 1299 957 1344 non
987 1272 1150 1371 exempla
1182 1273 1313 1347 horum
1338 1300 1447 1373 opus-

325 1386 489 1460 culorum
518 1387 758 1463 inueniantur.
791 1391 854 1464 sed
886 1418 958 1489 quo
980 1391 1205 1490 frequentius
1228 1392 1387 1466 lectitata
1409 1403 1446 1467 et

325 1507 504 1607 descripta
532 1519 633 1600 sunt,
667 1535 709 1582 eo
740 1510 937 1608 procliuior
959 1525 1034 1584 erat
1056 1538 1181 1585 eorum
1204 1511 1447 1612 interpolatim

325 1627 614 1727 exstiteruntque
645 1610 736 1702 duae
764 1631 928 1703 codicum
951 1631 1121 1723 familiae,
1159 1658 1311 1730 quarum
1335 1631 1448 1731 scrip-

323 1757 425 1820 turae
456 1749 648 1821 admodum
680 1749 775 1822 inter
805 1775 844 1824 se
874 1750 1087 1850 discrepant.
1129 1752 1257 1824 harum
1300 1751 1446 1825 alteram

323 1866 499 1956 Italicam,
534 1867 681 1941 alteram
714 1867 884 1954 Gallicam
916 1881 952 1943 et
983 1868 1231 1944 Germanicam
1262 1871 1493 1945 nominares

323 1987 450 2086 possis.
480 1987 643 2061 neutrius
665 1987 818 2061 familiae
850 1987 1020 2063 lectiones
1043 1990 1161 2064 adhuc
1191 2002 1355 2064 accurate
1388 2015 1447 2065 co-

321 2107 444 2204 gnitae
464 2118 580 2197 erant,
605 2107 787 2206 bonasque
802 2108 1005 2207 complures
1024 2108 1247 2201 inuenimus,
1272 2135 1365 2208 quae
1379 2110 1447 2184 etsi

322 2225 358 2298 in
390 2235 538 2323 utraque
567 2226 821 2318 inueniuntur,
846 2228 1007 2300 nondum
1035 2240 1153 2302 tamen
1185 2229 1221 2302 iu
1254 2228 1447 2302 uerborum

323 2355 535 2418 contextum
557 2359 721 2445 receptae
740 2357 853 2420 erant.
871 2347 1002 2446 prioris
1021 2359 1141 2420 autem
1158 2348 1331 2438 familiae,
1356 2373 1449 2446 quae

324 2463 427 2537 alteri
449 2462 609 2538 bonitate
640 2464 747 2563 longe
778 2476 953 2564 praestat,
983 2490 1111 2562 agmen
1141 2467 1241 2539 ducit
1268 2466 1360 2540 liber
1390 2466 1448 2539 ille

324 2583 610 2673 uetustissimus,
644 2583 707 2682 qui
737 2587 773 2658 in
804 2583 1021 2658 bibliotheca
1051 2585 1196 2684 capituli
1225 2583 1486 2691 Veronensis.

324 2702 544 2776 adseruatur.
584 2703 614 2776 is
643 2704 720 2803 ipse
752 2703 899 2802 quidem
932 2704 1073 2778 saeculo
1104 2703 1177 2778 Vll
1199 2716 1282 2804 post
1311 2704 1396 2779 Chr.
1415 2685 1449 2777 n.

323 2835 492 2896 exaratus
511 2836 576 2913 est,
596 2825 670 2912 sed,
686 2835 725 2897 ut
744 2850 790 2897 ex
809 2823 1075 2923 subscriptione
1093 2835 1241 2923 apparet
1255 2823 1330 2925 (fol.
1347 2826 1450 2922 114),

322 2944 568 3042 apographum
606 2955 660 3017 est
698 2943 780 3016 libri
819 2970 848 3016 a.
877 2947 949 3018 519
980 2943 1195 3042 conscripti,
1238 2970 1271 3016 u.
1298 2943 1450 3017 Reiffer-

324 3063 472 3137 scheidii
482 3062 570 3137 Bibl.
587 3063 736 3137 Petrum
745 3063 868 3136 Italica
880 3062 909 3151 Ι,
919 3091 954 3162 p.
968 3063 1157 3137 112.hunc
1170 3061 1301 3135 librum
1312 3062 1450 3161 primus

323 3185 512 3284 usurpauit
534 3183 777 3283 Hieronymus
807 3183 995 3273 dePrato,
1019 3183 1179 3256 sednon
1202 3208 1243 3255 ea
1265 3182 1452 3280 diligentia

322 3305 493 3379 lectiones
517 3303 726 3404 exscripsit,
762 3328 853 3402 quae
884 3303 992 3377 hodie
1020 3302 1059 3375 in
1090 3302 1148 3375 his
1178 3301 1287 3376 rebus
1319 3302 1450 3376 merito

323 3423 531 3522 requiritur.
590 3424 749 3498 codicem
800 3421 1149 3523 praestantissimum
1206 3423 1273 3495 Au
1281 3433 1449 3520 gustus

323 3542 673 3618 Reifferscheid
692 3542 728 3615 in
743 3553 910 3617 nostrum
928 3567 1034 3616 usum
1049 3542 1180 3615 iterum
1195 3541 1348 3616 contulit
1360 3541 1449 3614 mul·

323 3674 451 3762 ‘casque
473 3663 626 3763 optimas
648 3662 840 3754 lectiones,
865 3689 953 3763 quas
975 3662 1013 3734 in
1037 3661 1297 3735 commentario
1319 3659 1450 3733 Hiero-

323 3783 426 3884 nymi
458 3783 502 3856 de
532 3783 641 3856 Prato
670 3782 806 3856 frustra
846 3807 1015 3881 quaeras,
1050 3806 1098 3854 ex
1133 3805 1175 3854 eo
1205 3778 1369 3878 protulit.
1404 3780 1450 3852 ad

325 3903 473 3977 eandem
504 3902 674 3975 familiam
707 3903 865 4002 pertinet
891 3902 1007 3975 codex
1037 3898 1232 3973 Brixianus
1255 3898 1299 3971 ab
1323 3899 1450 3973 eodem
1481 3950 1490 3962 «

325 4024 370 4097 de
384 4022 495 4096 Prato
509 4047 702 4096 excussus:
725 4023 787 4120 qui
806 4023 875 4096 atsi
897 4020 1037 4095 saeculo
1052 4019 1198 4093 demum
1212 4019 1320 4092 Xllll
1336 4019 1449 4117 scrip-

324 4152 384 4216 tus
408 4166 485 4216 esse
506 4142 640 4233 sertor,
681 4141 775 4215 inter
798 4140 955 4241 optimos
977 4151 1098 4213 tamen
1120 4138 1361 4213 recensendus
1384 4147 1448 4211 est.

326 4287 542 4361 quamquam
556 4272 675 4335 autem
690 4261 766 4335 eius
781 4261 982 4361 scripturae
1001 4259 1215 4359 plerumque
1235 4283 1317 4332 cum
1332 4255 1449 4331 Vero-

326 4381 428 4456 nensi
451 4381 679 4481 conspirant,
711 4406 757 4455 ex
788 4381 926 4481 aliquot
946 4391 1066 4454 tamen
1090 4379 1178 4454 locis
1201 4404 1282 4452 eum
1305 4403 1379 4452 non
1402 4401 1450 4450 ex
