3300 5142
349 531 390 593 16
766 529 909 584 Minucii
927 529 1058 584 Felicis

235 708 239 714 ’
348 701 426 779 tari,
453 702 599 766 utrumne
619 721 690 767 cum
711 703 889 786 corporibus
909 723 955 768 ors
976 704 1046 770 circe
1067 704 1259 784 corporibus,
1286 708 1318 769 et
1343 707 1475 788 corpori-

347 805 405 869 bus
425 803 556 886 quibus,
577 805 691 887 ipsisne
712 825 751 870 an
772 806 928 872 innonatis
948 809 1149 891 resurgatur?
1171 808 1236 873 sine
1251 811 1395 890 corpore?
1409 808 1475 888 boc,

349 906 431 990 quod
443 909 556 986 sciam,
571 927 668 990 neque
683 927 882 992 monereque
898 910 1001 976 anima
1015 929 1071 976 neo
1086 911 1152 975 uita
1167 913 1222 974 est.
1246 911 1313 994 ipso
1329 915 1476 992 corpore?

347 1011 400 1076 sed
414 1011 478 1076 iam
494 1013 566 1076 aute
581 1011 735 1094 dilapsum
748 1012 803 1077 est.
827 1013 887 1078 alio
904 1015 1050 1096 corpore?
1072 1031 1143 1097 ergo
1159 1013 1249 1079 homo
1264 1031 1361 1078 nouus
1376 1015 1475 1078 nesci-

318 1117 415 1194 etur,
431 1132 490 1179 non
505 1115 588 1197 prior
603 1114 657 1179 ille
671 1117 839 1197 reparatur.
864 1118 896 1180 et
911 1116 1016 1181 tamen
1031 1117 1118 1182 tante
1131 1117 1215 1182 aetus
1239 1116 1333 1194 abiit,
1354 1117 1476 1182 saecula
1496 1139 1507 1177 s

346 1219 508 1282 innumera
521 1216 689 1283 fluxerunt:
705 1218 775 1300 quis
790 1237 871 1283 unus
885 1219 968 1283 ullus
984 1219 1021 1283 ab
1034 1219 1140 1284 inieris
1155 1219 1206 1285 uel
1218 1218 1380 1284 Protesilai
1395 1222 1476 1284 sorte

347 1322 512 1399 remeauit,
538 1321 684 1386 horarum
704 1321 1014 1404 saltem-permisso
1035 1322 1223 1400 commeatu,
1250 1323 1353 1387 uelut
1373 1341 1476 1388 erem·

318 1423 398 1508 epto
413 1426 630 1490 crederemus?
652 1425 755 1489 omnia
769 1425 831 1490 ista
845 1409 993 1511 flumenta
1007 1426 1089 1491 male
1105 1445 1196 1491 sanae
1211 1426 1362 1510 opinionis
1382 1428 1413 1490 et
1428 1426 1477 1490 in·

348 1529 419 1611 epta
433 1528 547 1593 solacia
561 1547 579 1593 a
593 1529 691 1611 poetis
706 1527 868 1594 fallacibus
884 1529 915 1593 in
930 1529 1126 1594 dulcedinem
1141 1528 1286 1594 carminis
1301 1530 1371 1594 lusa
1390 1548 1476 1594 auo-

347 1629 396 1697 bis
407 1631 541 1696 nimium
557 1631 689 1696 credulis
704 1633 736 1696 in
752 1633 845 1697 deum
860 1633 1000 1697 uestrum
1015 1632 1148 1715 turpiter
1162 1631 1329 1696 reformata
1343 1634 1425 1696 sunt.
1486 1647 1508 1685 ¹⁰

300 1733 337 1796 12
389 1735 454 1800 Nec
485 1735 595 1800 saltem
629 1735 666 1801 de
697 1735 908 1819 praesentibus
941 1735 1053 1818 capitis
1086 1736 1346 1818 experimentum,
1382 1755 1476 1817 quam

347 1857 402 1902 uos
417 1838 529 1903 inritae
543 1837 776 1920 pollicitationis
791 1857 878 1904 cassa
892 1841 965 1903 uotu
981 1838 1150 1920 decipiant:
1166 1839 1241 1921 quid
1256 1840 1326 1921 post
1341 1843 1474 1904 mortem

318 1941 529 2025 2inpendeat,
553 1942 764 2020 miseri,dum
779 1941 880 2006 adhue
895 1941 1018 2020 uiuitis,
1043 1943 1214 2007 aestimate.
1251 1959 1318 2006 ecce
1333 1961 1405 2025 pars
1421 1961 1475 2008 ue-

347 2045 463 2123 strum,
487 2047 518 2109 et
541 2047 655 2123 maior,
679 2045 803 2124 melior,
827 2047 863 2109 ut
883 2045 1002 2123 dicitis,
1032 2045 1129 2130 egetis
1143 2045 1270 2128 algetis,
1287 2063 1378 2128 opere
1393 2045 1475 2110 fame

347 2145 509 2226 laboratis,
532 2151 564 2212 et
583 2149 667 2213 Deus
687 2149 805 2231 petitur
825 2149 1016 2226 dissimulat,
1040 2166 1100 2213 non
1125 2148 1195 2213 uult
1215 2149 1269 2214 aut
1289 2166 1350 2213 non
1373 2149 1507 2232 potesta

318 2249 491 2332 tepitulari
507 2251 585 2316 suis:
601 2253 647 2316 ita
662 2254 717 2317 aut
730 2251 888 2317 inualidus
903 2253 958 2316 aut
971 2251 1096 2334 iniquus
1111 2252 1166 2315 est.
1190 2253 1241 2330 tu,
1257 2253 1310 2334 qui
1323 2251 1476 2316 inmorta-
1604 2299 1605 2344 p

346 2353 469 2419 litatem
483 2356 660 2438 postumam
675 2355 824 2433 somnias,
842 2373 911 2419 oum
927 2353 1062 2438 periculo
1078 2355 1230 2437 quateris,
1251 2373 1323 2419 cum
1339 2354 1475 2419 febribus

346 2459 458 2534 ureris,
482 2477 553 2523 cum
574 2457 676 2523 dolore
690 2457 849 2535 laceraris,
873 2456 1009 2522 nondum
1025 2457 1232 2522 condicionem
1252 2457 1340 2523 tuam
1356 2459 1474 2522 sentis?

348 2560 483 2626 nondum
498 2560 658 2644 adgnoscis
669 2560 899 2644 fragilitatem?
914 2561 1031 2626 inuitus
1047 2560 1141 2626 miser
1155 2559 1346 2624 infirmitatis
1362 2579 1474 2644 argue·

204 2701 207 2706 -
317 2664 389 2728 iris
403 2681 459 2727 neo
473 2662 590 2729 fateris.
613 2664 666 2729 sed
681 2665 792 2729 omitto
807 2665 990 2729 communia.
1031 2683 1099 2730 ecce
1113 2663 1201 2729 uobis
1215 2663 1334 2741 minae,
1356 2663 1509 2746 suppli-n

347 2767 408 2844 cia,
424 2767 592 2846 tormenta,
608 2768 639 2831 et
653 2767 718 2832 iam
731 2785 792 2832 non
806 2768 978 2832 adorandae
993 2768 1045 2832 sed
1061 2766 1236 2832 subeundae
1251 2785 1370 2842 cruces,
1387 2767 1476 2850 ignes

348 2869 442 2934 etiam
457 2887 532 2951 quos
548 2871 579 2935 et
592 2869 770 2953 praedicitis
785 2872 817 2935 et
831 2871 966 2935 timetis:
983 2871 1036 2936 ubi
1053 2871 1127 2936 deus
1147 2870 1216 2948 ille,
1237 2870 1291 2952 qui
1311 2867 1476 2933 subuenire

400 3213 415 3269 l
435 3228 469 3266 en
489 3213 548 3266 eine
562 3212 715 3281 corporibus
732 3211 844 3276 addida
864 3214 988 3266 utrumne
1005 3213 1062 3266 eine
1079 3229 1184 3282 corpore
1201 3228 1235 3266 au
1253 3227 1312 3266 cum
1322 3210 1477 3280 corporibus

351 3297 470 3353 Vrsinus
521 3299 540 3354 2
559 3301 714 3369 surgatnrr
766 3298 900 3354 'lsaltem
911 3300 994 3352 trium
1007 3298 1144 3352 Dentatus
1155 3298 1214 3354 coll.
1229 3298 1477 3368 Hypintfub.103‚

347 3381 444 3436 saltem
454 3399 598 3452 paucarum
610 3385 803 3439 Bronkbnsine
813 3385 852 3438 nd
864 3385 992 3453 Propert.
1007 3385 1032 3452 I,
1046 3387 1134 3452 19,10
1156 3386 1168 3452 ΙΙ
1188 3384 1232 3438 uel
1241 3387 1272 3437 ut
1284 3400 1312 3438 r:
1325 3383 1404 3437 uelud
1413 3383 1445 3437 P

347 3466 365 3524 9
385 3468 413 3521 irr
434 3469 600 3524 dulcedinem
625 3471 776 3539 Wopkens.-
803 3471 832 3523 in
848 3469 986 3524 dulcedine
1000 3471 1058 3537 Pr;
1086 3471 1123 3536 cf.
1148 3471 1253 3524 Iustina*
1269 3470 1330 3524 best.
1353 3469 1426 3524 Pau
1450 3475 1477 3538 4,

346 3563 369 3622 1,
385 3561 419 3612 17
472 3557 508 3615 10
523 3557 636 3610 nimium
654 3557 796 3611 Gelenius:
814 3556 942 3610 nimirum
952 3557 995 3610 Pr
1048 3557 1083 3613 11
1104 3557 1211 3610 saliteru
1229 3557 1257 3611 P
1269 3563 1479 3610 cataractarum

399 3643 436 3700 12
454 3643 635 3713 pollieationie
650 3643 678 3698 P
731 3643 767 3700 13
786 3643 939 3696 aestimatis
959 3642 1094 3697 Oeltnra'ne
1146 3643 1182 3699 14
1194 3645 1222 3696 et
1236 3642 1321 3696 maior
1340 3645 1368 3696 et
1380 3641 1479 3696 melior

350 3731 490 3796 Gelenius,
502 3731 587 3785 maior
599 3733 627 3785 et
640 3730 733 3786 melior
750 3730 857 3785 Vahlen
872 3731 939 3798 (coll.
954 3729 1036 3799 Cypr.
1048 3729 1082 3784 de
1091 3730 1160 3784 cort
1175 3729 1237 3783 eccl.
1250 3729 1320 3784 unt.
1332 3745 1353 3784 c.
1363 3731 1403 3782 20
1413 3743 1477 3782 cou-

345 3819 475 3873 iessorum
491 3833 553 3887 pars
570 3817 656 3870 maior
674 3820 701 3871 et
718 3817 837 3884 melior);
865 3823 894 3872 at
914 3832 976 3870 enm
996 3819 1024 3870 et
1047 3814 1218 3870 melotidem
1239 3816 1277 3869 cit
1295 3813 1368 3883 qnod
1392 3829 1477 3882 eaque

345 3905 443 3970 maior,
462 3904 619 3963 ἀσυνδέτως
628 3919 690 3958 cnm
702 3904 734 3957 ni
746 3903 884 3957 rhetorica
894 3901 1031 3956 adiectum
1041 3901 1156 3957 nidnnr
1169 3900 1275 3966 melior,
1295 3907 1327 3956 nt
1341 3915 1391 3954 nos
1405 3899 1477 3956 dici·

344 4007 404 4046 mos
418 3989 481 4044 ‘und
493 4006 561 4044 zuar
580 3989 627 4043 der
646 3993 779 4059 grteeere,
797 3989 845 4042 der
863 3987 984 4052 bossere’,
1003 3989 1035 4043 in
1052 3989 1159 4043 incerto
1176 3994 1268 4042 tamen
1283 3987 1476 4055 relinquimus,

345 4093 443 4132 onnon
458 4077 578 4131 duorum
593 4075 794 4130 adtectinornm
808 4075 927 4129 alterurn
946 4075 1062 4129 alteriue
1080 4075 1118 4128 sit
1136 4073 1268 4144 plumenta
1286 4073 1299 4140 11
1322 4087 1399 4141 opere
1416 4071 1475 4124 Pr:

345 4179 394 4234 ope
407 4179 437 4217 re
462 4164 615 4228 Wowerns,
643 4163 770 4232 pauperie
794 4162 944 4229 Duwisins,
971 4167 1002 4216 nt
1018 4167 1057 4216 est
1078 4162 1231 4216 sententia:
1259 4175 1337 4229 opere
1354 4156 1476 4212 faciendo

345 4249 496 4304 atterimini
511 4265 559 4304 nec
572 4252 664 4303 tamen
679 4247 786 4302 bebetis
799 4247 869 4302 unde
883 4247 999 4314 uinetis:
1022 4248 1058 4314 ef.
1075 4250 1121 4315 36,
1138 4251 1157 4302 8
1171 4246 1276 4301 uires..
1296 4244 1354 4299 sine
1372 4243 1476 4298 laboris

345 4334 534 4391 exercitatione
546 4337 714 4404 torpescunt,
732 4349 785 4402 qno
796 4334 854 4388 loeo
867 4334 912 4388 bic
927 4333 1027 4402 depae
1041 4333 1137 4403 opiter
1150 4331 1299 4400 respicitur
1350 4328 1386 4384 17
1404 4329 1476 4398 peri-

345 4421 405 4476 culo
427 4421 467 4476 P:
494 4436 641 4491 querquera
662 4421 696 4475 L.
721 4420 820 4475 Carrio
844 4419 974 4486 (Emend.
996 4419 1037 4487 II,
1049 4420 1108 4486 18),
1136 4431 1282 4487 querquero
1308 4415 1440 4470 Gelenius

346 4507 384 4565 18
402 4523 454 4562 uon
465 4509 566 4561 tum-
578 4522 630 4561 non
643 4509 731 4560 tumr
751 4509 763 4575 ξι
784 4507 869 4560 sentis
888 4505 993 4560 Pcorr.
1011 4519 1024 4557 e
1039 4505 1110 4558 senis
