3300 5142
1257 559 1322 609 xxl

182 726 372 814 putaretur,
400 725 579 786 eteorum
605 710 814 808 memoriam
844 722 930 808 post
967 723 1114 785 mortem
1141 737 1210 787 esse
1237 739 1322 788 coa·
1449 804 1454 813 1

185 847 411 910 socratam...
442 830 717 921 Consideremus,
752 829 785 903 si
815 831 947 928 piacet,
975 856 1165 906 mannas
1203 833 1321 931 iasdi-

187 956 281 1031 oiam
307 956 462 1029 deorum.
489 953 558 1026 Isis
575 950 696 1049 filiam
711 950 872 1049 perdidit
895 962 960 1024 etc.
990 952 1126 1048 quodsi
1147 953 1215 1027 tibi
1236 978 1321 1052 per·

186 1076 363 1165 suaseris,
400 1073 518 1147 uerba
543 1071 622 1160 illa,
665 1096 759 1169 quac
787 1069 833 1143 de
861 1069 960 1145 Iside
986 1071 1087 1170 apud
1114 1070 1321 1148 Minucium

184 1197 381 1294 leguntur,
422 1193 583 1266 alienum
621 1192 746 1265 locum
778 1216 998 1290 occupasse,
1040 1193 1140 1266 haud
1167 1195 1244 1268 scio
1273 1220 1321 1268 an

185 1315 416 1415 probabilior
450 1315 545 1386 ratio
584 1312 689 1386 uerbi
724 1311 875 1409 despicis
915 1313 1113 1386 manifesto
1152 1317 1321 1414 corrupti

186 1427 410 1509 emendandi
435 1434 596 1507 inueniri
622 1433 751 1531 possit.
792 1432 884 1504 mihi
908 1432 1061 1529 quidem
1083 1433 1179 1507 illud
1206 1435 1321 1508 colon

186 1568 271 1655 post
293 1555 410 1628 uerba
429 1551 516 1628 daec
542 1565 697 1626 tamea..
724 1551 894 1626 Romana
920 1565 999 1625 suat
1025 1579 1061 1651 p.
1086 1556 1147 1644 31,
1174 1558 1219 1628 18
1245 1557 1319 1629 col·

184 1675 384 1749 locandum
412 1685 448 1747 et
472 1683 576 1746 totus
603 1672 706 1746 locus
730 1673 782 1744 sic
805 1672 1023 1746 scribendus
1047 1698 1127 1746 esse
1149 1673 1320 1748 uidetur:

185 1795 272 1870 leaeo
293 1808 422 1884 tamea,
445 1794 620 1894 Aepyptia
641 1795 831 1890 quondam,
856 1817 953 1866 auae
976 1805 1006 1866 et
1028 1819 1134 1868 sacra
1150 1794 1322 1869 Romana

185 1928 283 2006 suat,
319 1928 352 1989 et
378 1913 531 2013 desipias
557 1912 665 1988 Isidis
691 1915 742 1987 ad
765 1912 1008 2004 heruadmem,
1045 1915 1187 1988 sistram
1214 1919 1322 1991 etad

185 2035 320 2134 sparsis
345 2033 508 2108 membris
542 2033 687 2126 inanem
721 2035 775 2106 tui
804 2031 991 2132 Serapidis
1017 2035 1091 2108 siae
1123 2033 1237 2110 Osiris
1265 2050 1320 2110 m-

185 2158 336 2231 matum:
364 2180 459 2252 quae
485 2142 539 2227 iic
565 2156 805 2251 interpretor:
832 2153 949 2228 ‘Diese
976 2154 1064 2227 eirest
1092 2154 1321 2255 dppptisciem

186 2303 293 2352 sacra
326 2276 410 2349 sired
440 2275 525 2372 jetzt
561 2272 652 2348 auch
684 2274 724 2347 in
749 2273 844 2347 Rom
871 2271 1128 2371 eeiepebiirpert,
1169 2277 1246 2349 aad
1271 2277 1320 2349 da

186 2409 300 2495 mopsi
327 2399 394 2470 dea
420 2396 524 2469 todem
556 2393 677 2493 Uasap
703 2393 835 2469 treibea
862 2392 917 2468 bei
941 2397 1003 2468 der
1029 2389 1228 2483 Schwalbe,
1257 2397 1321 2469 der

185 2515 348 2615 Klopper
375 2518 438 2590 der
464 2516 532 2590 Isis
557 2516 633 2589 aad
659 2513 714 2589 bei
738 2518 817 2590 dem
840 2517 952 2589 leerea
978 2513 1095 2590 Grabe
1118 2517 1236 2590 deiros
1258 2513 1320 2590 Se·

185 2628 294 2735 rapis'
322 2647 388 2710 etc.
418 2636 465 2709 de
502 2635 682 2709 uocabulo
711 2646 838 2710 autom
873 2636 1029 2733 desipere
1056 2638 1099 2709 cf.
1127 2661 1161 2734 p.
1186 2639 1245 2727 35,
1273 2641 1320 2710 10

189 2758 229 2831 iri
255 2757 325 2831 esta
351 2757 517 2855 desipere,
546 2767 582 2829 et
609 2756 654 2830 da
681 2781 867 2829 sarcasmo
898 2758 937 2828 in
964 2757 1028 2829 illo
1056 2757 1110 2830 tai
1134 2753 1323 2855 Serapidis

186 2905 221 2977 p.
246 2882 281 2969 4,
307 2871 382 2950 23’.

238 2994 325 3095 Cap.
351 3000 412 3088 23,
439 3000 483 3068 12
508 2997 599 3070 haec
620 2996 798 3094 leguntur
821 2997 858 3069 in
883 2995 1063 3093 exemplis
1087 2985 1320 3069 nouissimis:

190 3130 222 3193 et
247 3119 331 3191 deas
357 3141 479 3190 cereres
502 3116 710 3216 (Kayserus
733 3115 876 3214 aureus)
904 3117 961 3189 aei
983 3128 1167 3212 arpmteas
1189 3118 1231 3190 de
1258 3116 1319 3188 im·

186 3240 318 3311 moade
345 3239 506 3326 cesardo,
534 3249 572 3310 at
597 3235 738 3335 saepias
754 3237 910 3332 saetam,
937 3235 1108 3336 Aeqyptio
1135 3237 1215 3333 repi
1239 3261 1320 3309 coa-

176 3357 314 3453 flator,
350 3356 527 3446 taaditar,
573 3356 707 3431 malleis
734 3368 765 3429 et
790 3353 978 3430 ramathas
996 3354 1188 3454 fiqaratar.
1229 3357 1320 3429 haec

185 3477 240 3550 ita
266 3487 488 3565 narrantur,
518 3477 624 3573 quasi
646 3477 795 3549 Amasis
818 3476 885 3574 qui
908 3476 1140 3575 significatur
1163 3479 1225 3572 (cf.
1245 3475 1320 3550 He·

185 3596 307 3671 rodat.
334 3595 382 3687 ΙΙ,
409 3600 455 3669 17
460 3595 498 3693 2)
527 3597 718 3694 operarius
745 3596 861 3669 fuerit
888 3606 925 3669 et
950 3597 1030 3694 ipse
1057 3596 1169 3669 deum
1202 3597 1240 3669 in
1267 3599 1320 3669 in·

187 3717 281 3790 cuda
308 3717 513 3790 fabricatus
537 3717 593 3789 sit.
630 3717 694 3790 sed
718 3717 856 3790 rectius
881 3716 1031 3789 deloco
1057 3713 1322 3793 Gatakerus
1356 3715 1357 3718 '

185 3835 386 3927 iudicauit,
414 3839 481 3935 qui
507 3862 594 3910 cum
622 3838 776 3912 uidisset
802 3835 982 3909 narbam
1008 3837 1148 3934 saepias
1163 3837 1319 3931 sectam.

184 3956 355 4056 Aeppptio
382 3957 460 4055 repi
483 3958 579 4030 inter
605 3983 645 4031 ss
673 3960 888 4048 cohaerere,
918 3956 996 4030 cius
1023 3957 1105 4030 loco
1135 3956 1237 4053 quod
1264 3966 1321 4029 est

184 4077 325 4175 saepias
351 4087 417 4151 aut
443 4077 588 4175 iepimas
615 4089 681 4151 aut
706 4078 836 4153 scamas
872 4075 1108 4150 scribendum
1135 4101 1214 4149 csse
1236 4101 1321 4174 pro·

185 4198 321 4294 posuit
358 4197 515 4295 propius
542 4213 666 4270 tamen
694 4197 741 4270 ad
767 4197 992 4296 scripturam
1019 4196 1193 4270 traditam
1221 4221 1320 4271 acce·

187 4314 243 4387 dit
270 4318 481 4390 coniectura
508 4314 764 4392 aVonckio
791 4320 829 4390 in
856 4319 956 4391 lectt.
979 4315 1074 4389 Latt.
1101 4343 1138 4415 p.
1163 4319 1210 4390 56
1234 4342 1319 4416 pro·

185 4436 309 4533 posita
330 4448 368 4509 ut
389 4437 590 4535 occepimus
602 4440 747 4534 jactam
767 4438 809 4511 A.
835 4436 920 4535 reqi.
937 4436 1016 4522 ¹hac
1043 4447 1190 4535 recepta
1216 4445 1319 4510 totus
