3300 5142
669 550 775 621 apres
798 551 821 605 u
1249 553 1314 620 223

188 710 386 788 sequeremini.
409 713 497 785 atque
518 711 553 770 nt
574 702 784 785 exemplo'meo
804 727 855 785 pro
875 710 957 771 nobis
976 712 1006 770 ot
1025 711 1081 786 ipsi
1105 711 1168 786 pati
1182 711 1314 787 possetis,

189 833 240 892 pro
261 815 344 876 nobis
358 831 410 890 ege
424 830 527 889 passus
541 831 620 887 suni,
642 830 679 874 ne
692 813 838 873 dubitaret
858 814 941 874 homo
962 829 1013 888 pro
1028 831 1058 874 se
1072 815 1134 890 peti
1148 816 1223 890 quod
1238 815 1316 874 Deus

189 934 239 993 pro
260 917 375 978 bomine
394 916 569 991 pertulisset.
592 933 644 992 ego
664 933 710 976 me
723 911 795 996 post}
808 917 1056 992 resurrectionem,
1079 934 1116 977 ne
1129 917 1205 998 [fides
1219 919 1318 977 uestra

189 1020 422 1093 confunderetur,
445 1019 565 1080 ostendi.
589 1036 640 1095 ego
666 1019 697 1078 in
717 1020 803 1079 Petro
824 1020 944 1081 Iudaees
964 1021 1075 1096 monui,
1103 1037 1154 1096 ego
1175 1020 1206 1080 in
1225 1020 1316 1080 Paulo

167 1124 323 1198 egentibus
337 1122 514 1197 praedicenti:
538 1139 590 1182 neo
611 1122 753 1197 paenitet:
776 1124 821 1182 est
836 1123 948 1184 boetus
962 1124 1108 1184 bonorum.
1130 1139 1201 1198 opus
1222 1140 1316 1182 meum

189 1226 256 1285 boni
276 1209 497 1299 intellexerunt,
525 1225 704 1300 perfecerunt
729 1225 842 1300 fideles,
865 1226 936 1286 iusti
956 1226 1163 1302 impleuerant,
1187 1243 1316 1286 consum-

188 1331 340 1389 manerunt
353 1329 563 1390 misericordes:
585 1332 616 1388 et
635 1345 739 1404 magna
759 1345 827 1402 pars
841 1331 1015 1405 martyrum,
1038 1347 1142 1404 magna
1156 1330 1318 1388 sanctorum

189 1434 242 1491 ost.
265 1432 297 1491 in
311 1433 408 1492 eodem
423 1434 498 1492 certo
513 1434 542 1492 et
556 1432 607 1492 isti
621 1448 749 1506 corpore,
769 1431 800 1490 in
814 1433 911 1492 eodem
926 1432 1043 1492 fuerunt
1057 1433 1170 1492 mundo.
1186 1449 1237 1491 cur
1250 1431 1317 1490 nul-

189 1533 250 1592 lum
264 1533 296 1592 in
309 1535 391 1595 nobis
405 1535 510 1595 boum
524 1551 611 1609 opus,
633 1551 704 1609 gens
719 1535 852 1608 uipereae
873 1534 987 1610 stirpis,
1011 1532 1147 1595 inuenio?
1169 1534 1317 1610 paoniten-

153 1637 261 1695 rotiam
275 1638 416 1697 malorum
430 1640 590 1697 uestrorum
609 1654 661 1696 nec
681 1637 735 1696 sub
752 1637 857 1696 ultima
871 1638 918 1697 die
931 1637 1021 1697 uestri
1035 1637 1102 1698 fluis
1115 1637 1225 1712 egistm
1249 1637 1319 1711 quid

190 1742 286 1800 autem
301 1741 407 1800 attinet
421 1741 496 1814 quod
510 1757 555 1800 nne
569 1740 656 1800 labiis
672 1740 807 1814 adoratis,
823 1739 848 1798 si
863 1739 949 1800 fectis
963 1742 992 1800 st
1006 1740 1138 1815 operibus
1151 1735 1318 1814 denegetis?

191 1842 241 1902 ubi
265 1860 342 1902 nuno
360 1845 473 1903 nestm
492 1842 627 1916 diuitiae,
654 1843 705 1902 nbi
726 1844 860 1916 honores,
888 1843 938 1902 ubi
963 1843 1105 1916 potentia,
1128 1842 1178 1901 ubi
1205 1845 1319 1902 uestm

192 1947 261 2005 sunt
280 1943 467 2020 uoluptates?
495 1945 606 2005 nullam
626 1963 729 2004 nouam
743 1943 779 2004 in
801 1962 853 2006 uos
875 1947 976 2005 mando
999 1946 1184 2006 sententiam:
1206 1943 1319 2004 habetis

192 2048 330 2108 iudicium
345 2050 419 2122 quod
434 2050 501 2108 ante
514 2032 661 2122 praedixi’.
1250 2095 1253 2100 .

157 2164 184 2204 1⁵
234 2151 314 2210 'lunc
327 2150 402 2210 illud
417 2150 530 2210 miseris
545 2150 732 2224 Euangelista
750 2151 897 2210 recitabit:
919 2137 989 2210 ‘ite
1010 2151 1047 2209 in
1068 2150 1241 2210 tenebras
1263 2149 1346 2207 ex-'l

192 2253 367 2327 toriores,
403 2253 464 2313 ubi
485 2253 560 2312 erit
581 2253 700 2313 fletus
730 2255 766 2312 et
792 2253 931 2313 stridor
959 2240 1141 2312 dontium'.
1175 2249 1318 2324 omiseri,

192 2374 264 2430 quos
278 2357 336 2415 ista
349 2373 407 2416 non
420 2358 601 2430 permouent:
624 2356 762 2415 uidebant
777 2373 858 2415 suam
872 2372 991 2430 poenam
1006 2356 1037 2417 et
1051 2356 1172 2414 aliorum
1186 2351 1317 2429 gloriam.

192 2461 313 2518 utantur
332 2459 459 2532 saeculo,
483 2460 551 2518 durn
572 2459 742 2520 aeternitate
761 2459 831 2532 illa,
853 2475 926 2533 quae
946 2459 1052 2519 sanctis
1071 2458 1241 2533 praeparata
1263 2457 1317 2530 ost,

192 2579 249 2621 uon
263 2561 412 2621 beantur:
436 2561 557 2620 affluant
571 2561 692 2635 diuitiis,
714 2579 783 2622 auro
805 2561 954 2635 incubent,
977 2563 1044 2621 dum
1063 2561 1104 2621 ibi
1125 2561 1254 2635 egentes,
1278 2559 1321 2618 ibi

157 2663 290 2738 „inopes
310 2665 571 2738 deprehendantur:
602 2665 706 2724 sintin
729 2665 841 2725 maculo
866 2665 988 2737 diuites,
1012 2665 1078 2723 dom
1099 2664 1130 2722 in
1151 2662 1320 2723 aeternitate

193 2766 252 2825 sint
280 2783 435 2840 pauperes,
459 2767 494 2826 de
523 2767 628 2840 quibus
657 2767 878 2840 scriptumest:
907 2755 1062 2827 ‘diuites
1084 2765 1263 2841 eguerunt
1284 2767 1322 2824 ot

193 2852 423 2928 esurierunt'.
450 2869 651 2943 consequentia
670 2873 766 2929 autern
787 2870 924 2930 debonis
945 2870 1085 2944 scriptura
1100 2869 1234 2928 subiecit:
1256 2855 1324 2926 ‘in-

193 2971 386 3044 quirentes
407 2972 528 3030 autern
544 2973 733 3032 Dominum
747 2990 819 3032 non
841 2973 1070 3033 deficientur
1091 2972 1189 3031 ornni
1210 2955 1323 3030 bono'.

105 3123 109 3128 ,
235 3072 352 3147 Itaque,
375 3091 467 3147 soror,
483 3074 551 3133 licet
565 3093 617 3134 nos
631 3075 682 3133 isti
696 3075 849 3147 irrideant,
871 3076 940 3135 licet
954 3093 1006 3135 nos
1019 3076 1123 3134 stultos
1138 3073 1325 3146 infelicesque

159 3178 437 3249 recommemorent,
461 3176 573 3236 felicius
592 3179 765 3252 gaudeamus
789 3178 962 3252 opprobriis,
991 3179 1095 3252 quibus
1120 3177 1202 3236 nobis
1222 3175 1325 3254 gloria,

198 3279 260 3337 illis
280 3295 371 3353 poena
395 3281 565 3338 cumulatur.
588 3298 641 3340 nec
660 3281 802 3340 rideamus
822 3281 938 3340 illorum
957 3280 1127 3353 stultitiam,
1150 3281 1199 3340 sed
1226 3277 1323 3354 potins

195 3380 393 3441 infelicitatem
419 3383 581 3456 doleamus,
605 3384 674 3458 quia
692 3384 767 3443 inter
788 3384 854 3444 illos
875 3401 942 3458 pars
963 3401 1070 3459 magna
1089 3387 1249 3444 nostrorum
1270 3383 1324 3456 est,

196 3500 268 3557 quos
289 3485 315 3542 si
335 3483 409 3542 lucri
429 3483 521 3544 facere
542 3485 698 3560 possimus,
721 3489 843 3561 augetur
864 3487 894 3546 in
909 3487 990 3546 nobis
1004 3487 1104 3562 gloria.
1128 3488 1177 3546 sed
1192 3485 1280 3560 agant
1294 3502 1325 3545 se

197 3590 231 3645 ut
245 3586 364 3659 uolunt,
387 3587 446 3645 siut
467 3587 548 3647 nobis
563 3591 700 3663 tanquam
714 3590 837 3664 gentiles
853 3591 882 3649 ot
896 3590 1056 3663 publicani:
1080 3607 1132 3649 nos
1147 3607 1213 3648 uero
1229 3589 1325 3648 saluos

162 3688 407 3763 scincolumssque
433 3692 572 3749 tueamur.
596 3693 621 3750 si
646 3691 692 3751 illi
716 3711 792 3752 nunc
816 3693 899 3752 nobis
914 3693 1085 3752 :dolentibus
1100 3689 1250 3772 {gaudent
1274 3708 1325 3751 nos

197 3793 297 3865 postea
317 3791 348 3850 in
371 3791 487 3851 illorum
513 3794 608 3854 dolore
633 3795 827 3868 gaudebimus.
856 3796 936 3868 nale,
967 3813 1045 3855 soror
1072 3795 1219 3856 carissima
1246 3795 1276 3853 et
1296 3794 1327 3852 in

202 3894 315 3952 Christo
331 3893 525 3954 dilectissima.

304 4062 341 4120 15
358 4061 518 4125 1118111122,
538 4061 583 4118 13.
602 4063 649 4126 25,
668 4063 715 4120 30.
767 4064 804 4120 21
824 4064 868 4117 Ps.
887 4063 933 4129 33,
954 4064 998 4120 11.
1069 4064 1107 4120 22
1126 4062 1189 4118 ibid

253 4215 400 4283 lpossitie
417 4216 454 4270 Cb
515 4215 701 4284 'fmartyrum
722 4217 872 4270 Bolaaim:
891 4217 1065 4272 maturumG
1113 4217 1152 4274 22
1169 4233 1328 4288 consequen·

200 4300 277 4354 terb
352 4299 389 4357 23
406 4300 634 4355 deficienturnoe:
656 4301 778 4356 deficient
804 4303 842 4357 Cb
897 4301 935 4360 28
954 4302 1127 4356 lucrificaret
1185 4303 1223 4360 29
1240 4303 1328 4373 pupli-

200 4385 261 4439 oani
278 4385 301 4440 0
350 4385 387 4442 32
406 4386 524 4455 Explicit
537 4386 650 4455 epistola
661 4388 748 4440 seueri
760 4387 912 4458 presbytcri
925 4388 958 4442 ad
971 4387 1104 4442 claudiam
1116 4404 1229 4444 sororem
1242 4405 1327 4443 suam.

200 4471 302 4540 Incipit
312 4472 426 4541 epistola
438 4474 524 4526 sancti
537 4473 624 4527 seueri
635 4472 669 4526 ad
681 4473 790 4526 candem
802 4473 834 4527 dc
846 4474 1008 4542 uirginitate
1025 4474 1049 4528 0
