3300 5142
612 529 725 586 Ohron
744 529 780 596 ΙΙ,
800 530 919 589 17-19.
1282 529 1325 596 75

203 701 240 751 ac
260 685 362 750 molta
383 684 473 751 uode
494 685 641 752 uastauit.
664 687 698 752 id
718 689 843 772 gestum
864 686 903 751 ab
924 704 1046 751 moeson
1060 685 1228 750 Alexandri
1244 695 1354 750 annos

202 789 369 854 centesimo
383 805 443 853 uno
456 790 489 853 ot
508 789 774 874 quinquagesimo,
795 789 910 866 Paulo,
932 792 968 854 ut
987 788 1137 866 diximus,
1160 785 1326 869 Orneooqw

203 891 392 968 oonsulibus,
421 891 491 972 post
519 891 760 972 quinquennium
787 890 852 956 iere
879 909 973 973 qnam
999 889 1172 954 Antiochus
1200 907 1326 972 regnare

203 993 350 1074 coeperat.

181 1101 192 1140 ⁵
245 1093 305 1158 Sed
327 1095 363 1158 ut
384 1096 558 1176 temporum
579 1095 652 1158 ordo
672 1096 829 1160 consertus
860 1095 904 1160 sit
931 1113 969 1160 ao
996 1094 1116 1176 liqueat
1141 1093 1324 1170 euidentius,
1337 1095 1376 1158 11

203 1196 272 1279 quis
293 1197 344 1261 hio
365 1196 458 1261 fucrit
472 1197 653 1276 Antiochus,
676 1215 793 1281 regum,
815 1197 869 1279 qui
882 1199 953 1279 post
966 1197 1177 1262 Alexandrum
1190 1196 1224 1260 in
1233 1195 1327 1278 Syris

201 1298 333 1376 inerant,
356 1301 387 1364 et
406 1299 526 1364 nomina
540 1301 572 1364 et
592 1301 730 1382 tempora
743 1300 999 1365 enumerabimus.
1016 1298 1169 1376 defuncte,
1183 1300 1220 1363 ut
1233 1302 1354 1380 snprab

202 1401 381 1479 retulimus,
396 1419 468 1485 roge
482 1401 671 1480 Alexandro,
687 1402 725 1466 ab
740 1401 849 1468 amicis
863 1403 928 1468 eius
942 1421 1071 1486 requam
1084 1419 1175 1466 omne
1189 1400 1325 1466 diuisum

200 1521 236 1570 sc
257 1503 340 1587 regio
364 1505 487 1568 nomine
512 1504 704 1586 eliquamcliu
724 1504 975 1570 ιάιιιίιιὶεἰιιῒιιιιι
999 1507 1056 1569 eet.
1088 1503 1231 1568 Selorum
1255 1503 1326 1584 poet

164 1609 191 1650 ¹⁰
199 1625 309 1672 nonem
332 1625 425 1671 annos
447 1607 480 1671 in
494 1605 582 1690 Syria
596 1625 648 1671 rex
662 1609 710 1672 eet
723 1607 913 1689 appellatus,
927 1607 1129 1691 regnauitque
1142 1623 1237 1670 annos
1250 1625 1279 1670 11
1292 1605 1326 1670 et

200 1725 284 1774 xxx.
311 1711 381 1790 post
400 1727 471 1774 eum
492 1708 678 1788 Antiochus,
700 1709 784 1774 filiius
799 1710 880 1788 eius,
907 1727 1002 1775 annos
1022 1729 1119 1774 unum
1138 1709 1177 1773 de
1198 1707 1353 1792 uigintie

200 1813 271 1878 inde
285 1812 466 1890 Antiochus,
489 1812 634 1878 Antiochi
654 1812 754 1890 filius,
775 1813 830 1895 qui
845 1815 877 1877 et
892 1812 994 1877 Thena
1014 1811 1246 1896 cognominatus
1259 1813 1322 1888 eet,

199 1931 293 1980 annos
308 1933 365 1979 xv.
389 1915 553 1996 posthunc
567 1913 708 1980 Seleuorn
722 1915 820 1992 filius,
842 1915 1021 2000 cognomine
1036 1913 1213 1991 Callinicus,
1228 1930 1324 1978 annos

199 2033 296 2082 unum
315 2019 347 2082 et
367 2017 490 2101 uiginti.
516 2018 592 2082 item
606 2016 764 2094 Seleucus,
787 2017 871 2082 filins
885 2017 1041 2093 Callinici,
1056 2035 1149 2081 annos
1171 2019 1243 2080 tres.
1266 2016 1352 2082 host

164 2119 341 2184 eodeiuncto
366 2119 537 2185 Antiochus
564 2119 659 2184 irater
690 2119 862 2202 [Callinici]
889 2120 1000 2184 Asiam
1020 2121 1053 2184 et
1073 2118 1195 2202 Syriam
1222 2117 1324 2182 tenuit

198 2239 292 2288 annos
306 2241 357 2288 ιιι
372 2224 404 2287 et
419 2241 502 2286 xxx.
519 2222 569 2286 hic
580 2225 627 2286 eet
638 2221 818 2298 Antiochus,
836 2223 983 2287 aduersus
992 2240 1085 2304 quem
1094 2220 1208 2285 Lucius
1222 2219 1322 2301 Scipio

199 2324 355 2390 Asiaticus
385 2325 530 2390 bellanit:
553 2343 612 2407 quo
634 2325 714 2389 bello
733 2325 836 2391 uictus
855 2327 888 2390 et
911 2325 1034 2407 imperii
1058 2326 1147 2406 purte
1169 2323 1323 2388 multatus

198 2429 255 2492 est.
278 2428 328 2493 hic
349 2429 425 2493 dnos
447 2427 527 2492 filios
541 2427 665 2507 habuit,
686 2427 847 2493 Seleucum
861 2430 893 2493 et
907 2427 1112 2505 Antiochum,
1135 2445 1225 2509 quem
1239 2425 1323 2490 obei-

198 2530 270 2596 dem
281 2530 427 2596 Romanis
438 2530 572 2596 dederet.
585 2531 631 2596 its
645 2531 798 2596 Antiocho
817 2549 930 2615 magno
941 2532 1062 2596 mortuo
1082 2529 1226 2595 Seleucus
1238 2529 1351 2600 lilioso

163 2649 189 2690 ro
198 2633 264 2697 eins
278 2635 354 2698 netu
368 2634 466 2698 maior
479 2653 608 2718 regnum
623 2634 766 2716 indeptus
781 2635 844 2711 est,
865 2634 923 2698 sub
937 2651 996 2715 quo
1010 2631 1122 2697 Oninm
1135 2632 1323 2698 sacerdotem

198 2754 217 2800 a
231 2734 354 2800 Simone
367 2735 582 2802 insimulatum
597 2735 739 2801 diximus.
756 2738 825 2801 tum
836 2735 1008 2802 Antiochus
1022 2735 1198 2802 aRomnnis
1212 2735 1321 2800 ‹limis-

198 2855 250 2902 sus
270 2839 421 2920 datusque
442 2838 474 2902 in
496 2839 597 2904 locum
617 2839 681 2903 eius
702 2839 789 2903 obses
803 2839 996 2918 Demetrius,
1016 2838 1134 2904 Seleuci
1151 2838 1248 2922 regis,
1268 2837 1322 2921 qui

197 2957 232 3004 eo
251 2941 386 3022 tompore
406 2941 568 3025 regnabat,
595 2941 686 3006 filius.
714 2940 839 3006 &leuco
860 2943 980 3006 mortuo
1000 2958 1078 3006 anno
1097 2941 1220 3022 imperii
1245 2941 1322 3004 duo·

197 3042 316 3108 decimo
330 3063 458 3128 regnum
473 3043 568 3108 frater
581 3044 768 3122 Antiochus,
792 3045 846 3126 qni
859 3045 975 3109 Romae
989 3045 1077 3108 obses
1096 3042 1212 3122 fuerat,
1231 3055 1350 3109 occu-6

162 3161 187 3204 ιι
197 3145 295 3226 pauit.
324 3145 442 3228 ispost
463 3146 704 3228 quinquennium
727 3165 818 3228 quam
840 3165 967 3231 regnare
988 3149 1143 3228 coeperat,
1171 3148 1322 3228 utsupra

197 3247 366 3324 oloouirnus,
382 3248 628 3332 Hierosolymam
642 3249 844 3330 depopulatus
858 3251 914 3313 est.
938 3249 1052 3314 etenim
1067 3267 1162 3332 gram
1175 3247 1322 3314 Romuuis

196 3348 386 3430 stipendium
405 3351 560 3432 pensitans
587 3351 651 3433 ipse
673 3351 819 3416 murensis
839 3352 1016 3434 sumptibus
1034 3370 1130 3434 paene
1153 3351 1321 3416 necessario

197 3451 363 3535 cogebatur
382 3454 524 3536 pecunias
544 3456 632 3537 rapto
653 3473 794 3536 quaerero
814 3473 912 3537 neque
936 3454 1035 3519 ullam
1054 3455 1221 3537 praedendi
1234 3472 1321 3518 scm·

196 3553 311 3618 sionem
326 3555 477 3621 omittere.
493 3559 564 3640 post
577 3557 735 3622 biennium
750 3557 868 3634 deinde,
884 3557 952 3641 pari
966 3575 1089 3622 rursum
1103 3557 1191 3623 clade
1201 3556 1348 3624 affatur

161 3657 332 3734 ”ludaeis
355 3677 392 3722 ne
413 3658 491 3724 forte
512 3658 722 3740 frequentibus
742 3659 835 3724 malis
856 3659 1005 3742 compulsi
1025 3659 1142 3725 bellum
1156 3660 1319 3736 sumerent,

247 3893 263 3950 1
277 3910 310 3948 m
321 3893 398 3948 caede
407 3894 500 3948 urbem
510 3894 631 3949 uastauit
640 3896 707 3950 cosi.
716 3895 847 3966 Quoties
851 3897 1034 3964 probabiliter
1076 3896 1195 3952 suros:
1209 3895 1263 3948 imo
1275 3894 1303 3948 P
1307 3913 1318 3962 ,·

195 3979 287 4033 mimeo
298 3979 446 4033 ocriaimilc
457 3985 496 4034 cst
508 3979 561 4034 imo
573 3997 607 4034 eoo
619 3981 806 4050 dittoproploe'o
822 3988 913 4036 ortum
928 3998 997 4050 csse,
1015 3983 1060 4050 cf,
1069 3981 1103 4035 oe
1114 3982 1203 4035 Proto
1214 3980 1251 4034 od
1262 3980 1287 4034 b
1300 3980 1318 4036 1.

195 4062 229 4116 de
252 4065 426 4134 chronoloqc'o
488 4065 630 4121 linerent
653 4067 691 4120 P:
721 4065 830 4120 suarm
850 4065 867 4120 b
931 4068 969 4123 12
986 4067 1033 4136 qui
1057 4069 1085 4120 et
1106 4066 1186 4119 thena
1209 4067 1250 4120 P:
1273 4065 1320 4135 qui

193 4149 324 4203 llttheeus
344 4150 360 4203 b
430 4150 468 4208 15
486 4149 611 4206 Callinici
631 4151 776 4206 ἀοΙοιιάιιιιι
796 4167 852 4206 osec
870 4153 945 4206 otoo
963 4153 998 4206 oe
1018 4153 1106 4206 Proto
1167 4151 1204 4208 16
1221 4151 1320 4206 Lucius

194 4233 282 4303 Scipio
300 4249 362 4288 nos:
389 4237 422 4289 ut
438 4236 553 4305 suscipio
572 4237 610 4300 P,
629 4236 716 4306 Scipio
739 4238 755 4291 b
833 4237 869 4294 17
886 4237 1022 4292 Asiaticus
1039 4238 1074 4291 dc
1090 4237 1191 4292 Proto:
1218 4251 1320 4307 asyans

194 4335 259 4388 gens
277 4320 315 4383 P,
333 4319 454 4374 Mrioani
470 4321 588 4376 fraterb
652 4321 688 4379 19
706 4322 763 4376 eius
779 4321 884 4377 filineb
945 4322 985 4379 20
1004 4323 1087 4376 maior
1100 4324 1139 4386 P,
1157 4324 1269 4378 siconi
1284 4321 1318 4376 cle

193 4405 293 4458 Proto:
311 4406 425 4461 minor-h
447 4409 459 4475 ΙΙ
482 4407 621 4476 adeptusb
645 4409 657 4476 ΙΙ
679 4423 765 4462 omem
777 4409 805 4463 P
857 4408 894 4464 21
915 4424 1023 4477 syenem
1035 4409 1063 4462 P
1115 4407 1316 4479 stumphius

193 4487 298 4544 deditus
310 4493 379 4546 coni.
393 4491 427 4546 dc
438 4493 526 4548 Proto
