3300 5142
300 527 320 592 6
711 521 860 591 Sulpicii
878 522 994 576 Seueri

298 680 422 758 habuit,
446 679 531 756 Sem,
556 677 665 756 cham,
689 678 806 760 Iaphet.
830 677 883 742 sed
898 676 1010 755 dham,
1032 678 1114 759 quod
1133 677 1268 760 sopitum
1284 675 1356 742 uino
1370 694 1425 758 pa·

271 785 379 854 3trem
393 781 516 859 riserat,
539 779 737 845 maledictum
759 798 777 844 a
796 780 883 861 patre
896 778 1019 845 meruit.
1042 780 1135 845 huius
1149 779 1247 857 lilius,
1270 779 1352 844 Ghus
1371 795 1426 843 no-

302 885 399 963 mine,
430 883 567 949 Nebroth
592 883 749 967 gigantem
772 882 897 965 genuit,
927 900 1030 965 aquo
1055 883 1195 966 Babylon
1220 882 1331 947 ciuitas
1356 899 1427 947 oon·

300 989 416 1052 structa
430 987 572 1050 traditur.
595 985 737 1068 pleraque
751 985 847 1050 etiam
861 985 973 1068 oppida
986 1003 1022 1050 ea
1035 987 1217 1067 tempestate
1231 984 1353 1049 condita
1362 998 1428 1049 mc·

300 1091 472 1166 morantur,
496 1106 572 1170 quae
593 1088 776 1154 nominatim
798 1087 938 1170 persequi
959 1087 1081 1153 animus
1102 1105 1162 1153 non
1183 1086 1253 1152 fuit.
1283 1087 1336 1152 sed
1358 1105 1449 1152 cums

272 1191 559 1273 multiplicaretur
583 1189 753 1256 humanum
778 1209 875 1274 genus
900 1190 1080 1274 diuerseque
1105 1191 1171 1255 loca
1196 1192 1288 1272 atque
1313 1190 1430 1255 insulas

302 1293 445 1359 mortales
459 1293 620 1370 haberent,
643 1311 703 1358 una
717 1294 821 1358 umen
835 1311 940 1358 omnes
959 1293 1068 1378 lingna
1081 1294 1261 1371 utebantur,
1284 1293 1379 1357 donec
1398 1310 1430 1356 se

274 1397 336 1466 ein
355 1415 452 1460 unum
480 1395 680 1480 dispergenda
700 1413 753 1478 per
775 1397 877 1460 totum
898 1395 1002 1460 orbem
1017 1395 1185 1461 multitudo
1200 1395 1359 1460 contraxit.
1382 1395 1431 1458 his

303 1516 386 1563 more
401 1497 528 1563 humani
547 1497 663 1582 ingenii
683 1497 846 1562 consilium
867 1498 943 1575 luit,
966 1497 1081 1582 insigni
1095 1497 1197 1580 aliquo
1212 1515 1301 1580 opere
1315 1497 1432 1561 famam

275 1611 459 1684 equaerere,
475 1601 653 1682 priusquam
668 1619 686 1664 a
701 1619 733 1664 se
747 1600 881 1665 inuicem
897 1600 1124 1665 deducerentur.
1147 1602 1193 1665 ita
1207 1601 1320 1665 turrim
1333 1599 1433 1664 iacere
1442 1627 1467 1666 rc

303 1703 455 1787 aggressi,
478 1721 554 1784 quae
575 1703 657 1768 caelo
677 1703 845 1780 accederet,
868 1705 947 1768 nutu
967 1704 1040 1783 Dei,
1064 1704 1099 1769 ut
1120 1703 1222 1768 officia
1242 1703 1433 1790 operantium

302 1805 564 1889 praepedirentur,
587 1823 605 1869 a
626 1807 711 1869 sueto
727 1806 874 1870 sermonis
894 1824 1002 1889 genere
1017 1807 1117 1871 multa
1131 1807 1251 1871 dinemo
1265 1824 1362 1888 neque
1376 1805 1435 1870 ulli

303 1907 436 1974 inuicem
461 1909 617 1972 intellecto
643 1908 820 1992 linguarum
846 1909 909 1972 ritu
934 1909 1150 1991 loquebantur:
1179 1927 1238 1991 quo
1262 1907 1435 1990 promptius

304 2010 431 2093 dispersi
446 2011 527 2087 sunt,
548 2011 620 2092 quia
634 2011 711 2075 altar
724 2011 856 2075 alterum
870 2011 958 2075 uelut
971 2011 1172 2095 alienigenam
1184 2011 1274 2076 facilc
1284 2010 1437 2093 rehnque·

276 2113 365 2180 ibat.
390 2114 442 2177 sed
462 2113 537 2175 filiis
557 2113 623 2176 Noa
639 2113 683 2177 ita
703 2113 822 2178 diuisus
839 2113 921 2177 orbis
936 2113 1012 2192 luit,
1036 2117 1072 2178 nt
1086 2112 1157 2179 Sem
1171 2114 1254 2178 intra
1267 2112 1435 2190 Orientem,
1444 2139 1469 2180 rs

304 2215 412 2299 Iaphet
426 2213 630 2294 Occidentem,
647 2213 743 2280 Cham
759 2215 870 2281 mediis
884 2217 1096 2281 contineretur.
1113 2217 1158 2281 ita
1168 2235 1265 2300 nsque
1276 2215 1435 2281 Abraham

303 2318 395 2384 ducta
409 2319 558 2382 successio
573 2318 652 2383 nihil
667 2337 737 2383 sane
751 2319 871 2402 insigne
886 2321 941 2383 aut
955 2319 1152 2384 memorabile
1166 2319 1199 2383 in
1214 2337 1246 2383 se
1260 2318 1379 2383 habuit.

276 2429 293 2490 5
346 2421 504 2485 Abraham
524 2423 628 2485 autem
658 2423 743 2503 patre
768 2421 869 2484 Phara
893 2421 984 2484 natus
1008 2423 1079 2501 post
1092 2420 1248 2485 diluuium
1269 2438 1347 2484 auno
1363 2419 1436 2484 mil·

304 2523 412 2588 lesimo
438 2523 469 2586 et
494 2523 727 2605 septuagesimo.
751 2522 910 2586 Abraham
930 2539 1005 2586 uxor
1025 2521 1099 2586 Sara
1122 2522 1207 2586 dicta
1231 2522 1293 2598 est,
1316 2522 1435 2604 prima·

305 2643 364 2708 que
378 2625 443 2690 eius
458 2625 491 2689 iu
505 2625 627 2709 regione
633 2621 853 2689 Chaldaeorum
868 2624 1018 2690 habitatio
1033 2624 1103 2689 hrit.
1127 2625 1198 2689 inde
1212 2625 1294 2707 apud
1306 2623 1470 2690 Oharrasro

278 2737 368 2793 auno
382 2747 452 2791 cum
466 2728 551 2809 patre
572 2725 744 2792 diuersatus
764 2727 818 2792 est.
843 2745 904 2809 qua
923 2727 1105 2809 tempestate
1125 2727 1301 2792 admonitus
1321 2745 1340 2792 a
1360 2729 1434 2804 Deo,

307 2831 434 2894 domum
461 2829 593 2912 patriam
617 2847 652 2894 ao
675 2831 794 2910 patrem
819 2829 1007 2912 relinquens,
1042 2831 1198 2912 assumpto
1224 2830 1304 2893 Loth
1329 2829 1434 2895 fratris

307 2931 371 2998 lilio
394 2933 427 2998 iu
447 2935 560 2998 terram
576 2930 821 2996 Chananaeorum
841 2931 994 3013 proiectus
1014 2932 1047 2997 in
1067 2932 1147 3010 loco,
1171 2932 1220 2996 cui
1236 2931 1366 3016 Sychem
1380 2950 1436 2996 no·

280 3047 378 3102 emen
399 3038 460 3113 est,
483 3034 627 3100 consedit.
651 3053 721 3099 mox
741 3054 874 3099 annonae
895 3035 997 3117 inopia
1016 3036 1194 3119 Aegyptum
1215 3035 1377 3112 concessit,
1400 3053 1436 3100 ao

308 3157 430 3204 umam
446 3157 591 3202 reversus.
615 3138 709 3216 Loth,
735 3156 807 3220 prae
826 3137 1027 3203 multitudine
1047 3137 1183 3202 familiae
1210 3155 1229 3202 a
1252 3139 1360 3218 patruo
1386 3137 1435 3202 di·
1443 3155 1468 3196 rs

311 3259 448 3325 gressus,
471 3242 507 3305 ut
526 3240 815 3305 laxioribusuacuaa
836 3242 905 3305 tum
927 3241 1059 3325 regionis
1080 3241 1188 3324 spatiis
1207 3240 1379 3319 uterentur,
1402 3240 1436 3305 in

411 3445 578 3504 5Geu.10.
615 3443 654 3501 10
670 3445 733 3500 Gen
755 3445 799 3501 11.
836 3445 873 3501 21
893 3444 957 3500 Gen.
979 3446 1023 3508 12,

361 3617 379 3672 3
397 3614 503 3669 Nebrod
526 3616 541 3669 h
563 3617 575 3682 11
595 3615 693 3669 meruit
717 3616 757 3684 P,
779 3615 826 3669 sed
850 3615 908 3668 aad.
927 3633 960 3668 m.
987 3616 1082 3684 genuit
1103 3631 1170 3669 corr.
1193 3617 1205 3682 ΙΙ
1224 3614 1307 3685 babyl
1321 3618 1325 3684 1
1341 3614 1385 3669 lon
1409 3615 1437 3668 P

356 3701 477 3757 ltamcu
490 3701 531 3755 P:
544 3701 778 3770 tantumbllor'uis
792 3703 819 3754 P
868 3701 905 3756 10
915 3700 1233 3756 diducerenturHoraa'sa
1280 3701 1317 3757 12
1329 3702 1435 3754 assueto

311 3788 347 3855 P,
367 3787 534 3841 inassuctob
605 3787 642 3843 14
665 3787 728 3855 quia
750 3788 791 3841 P:
810 3787 920 3855 quumh
991 3787 1027 3842 16
1050 3787 1129 3855 iaphc
1151 3787 1178 3840 P
1240 3785 1277 3842 18
1295 3787 1375 3839 natus
1393 3787 1435 3839 P:

310 3875 390 3926 natus
407 3873 476 3926 esth
530 3872 565 3928 19
585 3873 780 3942 septuagesimo
797 3873 910 3926 secundo
923 3873 959 3926 Η.
973 3873 1093 3926 Merctor
1112 3874 1124 3939 Η
1144 3871 1221 3925 Sorai
1242 3871 1280 3926 Io.
1293 3871 1435 3938 Arcesius,

210 3943 217 3960 ’
311 3959 390 4014 cuites
401 3957 603 4012 mandationes
614 3959 749 4013 Voacta'ua
765 3960 797 4010 ia
814 3959 901 4013 Lectt.
915 3959 974 4011 lost.
984 3958 1141 4025 publicauit
1193 3955 1233 4013 20
1249 3957 1306 4010 eius
1318 3971 1383 4010 aas:
1397 3956 1436 4009 eis

312 4043 367 4108 Pb,
381 4043 813 4112 eichratollCarrssDrrasius
865 4044 902 4100 21
921 4059 938 4096 a
955 4043 1095 4096 Dominoh
1141 4043 1178 4098 22
1191 4040 1436 4110 domum,patrisrn

312 4129 372 4183 cdd.
426 4129 463 4186 23
482 4129 933 4198 chananeorumPllsychemPat
946 4127 1277 4182 eatiaLXX:Sichemh
1328 4127 1368 4182 24
1377 4142 1436 4181 con-

311 4213 404 4279 cessit,
422 4229 453 4268 ac
472 4231 578 4269 rausum
597 4231 718 4268 reuersus
738 4214 809 4268 Loth
829 4215 860 4281 b,-
883 4215 1028 4268 acrhoram
1048 4214 1251 4268 distinctiones
1267 4214 1387 4267 maasia
1403 4211 1437 4266 de

313 4297 408 4354 Prato'
422 4299 569 4368 (concessit.
592 4316 622 4354 sc
643 4315 748 4352 rursum
768 4300 894 4364 reuersis,
913 4299 984 4353 Loth
1005 4300 1135 4369 sipontus
1186 4299 1320 4356 aeonem
1342 4301 1385 4365 P‚·
1403 4298 1437 4352 de

312 4385 560 4454 scripturauacuae
583 4387 705 4440 Drasr'ae
724 4387 757 4440 a'a
777 4386 851 4440 aotc's
867 4389 946 4454 1145
964 4386 1145 4454 suspicionem
1162 4387 1261 4454 aweit,
1278 4402 1329 4441 acc
1345 4391 1438 4442 tomen

314 4471 391 4526 uacui
404 4471 482 4527 lectio
493 4472 611 4538 ferenda
623 4472 736 4527 uidetur
