3300 5142
670 517 829 588 Epistula
845 521 868 574 Ι.
1266 521 1327 585 141

202 673 234 739 in
248 674 380 740 Domino
401 674 497 740 sciens
512 693 577 740 esse
592 674 788 757 praesidium,
809 677 932 742 sunium
959 676 1031 741 fidei
1045 675 1235 741 adorationis
1249 674 1327 740 arri-

200 777 286 860 piens
301 777 411 842 mediis
425 776 558 842 flammis
572 777 656 842 lotura
671 777 710 842 ad
724 778 893 845 Dominum
907 797 1073 844 conuersus
1083 778 1232 843 incubuit.
1255 779 1325 842 ium

199 898 270 946 uero
285 879 435 944 diuinitus
450 880 520 965 igne
535 879 691 957 submoto,
713 880 834 946 innoxio
854 881 915 947 sibi
935 883 1006 947 urbe
1019 881 1234 959 flammarum,
1256 897 1325 944 ora·

199 983 263 1048 bat.
287 983 559 1060 numunianum,
582 983 635 1065 qui
649 1001 703 1065 pro
718 982 834 1050 foribus
849 986 948 1062 erant,
972 985 1137 1068 mspilanta
1152 985 1184 1049 el
1198 983 1321 1048 :unlne-

178 1087 283 1151 etunle
307 1085 439 1150 incendii
465 1102 551 1163 sono,
574 1086 727 1152 obseratas
747 1087 914 1171 effringrml
933 1086 1028 1167 fures,
1051 1087 1231 1169 demotuqus
1251 1085 1323 1170 igne

197 1189 235 1254 ds
250 1189 360 1254 mediis
374 1189 507 1253 flammis
522 1189 691 1254 Martinum
705 1188 856 1267 aulemni‚
873 1209 943 1254 uum
957 1191 1021 1255 iam
1034 1190 1157 1272 penitus
1172 1208 1241 1255 esse
1252 1206 1324 1254 eon-

197 1293 339 1374 sumpius
352 1293 418 1356 tam
432 1291 576 1356 diuturno
591 1291 729 1358 inuendiu
743 1293 911 1374 putaretur.
934 1295 1069 1358 ceterum
1077 1331 1117 1340 -
1129 1293 1231 1358 uerbis
1246 1291 1324 1356 meis
1335 1296 1376 1352 14

196 1394 346 1460 Dominus
360 1395 407 1458 est
420 1394 640 1460 iestis-mihi
661 1394 725 1477 ipse
740 1394 888 1460 referebat
901 1397 933 1460 et
946 1414 1006 1461 non
1021 1397 1086 1461 sins
1100 1396 1223 1480 gemitu
1238 1394 1319 1460 fata·

195 1496 299 1576 batur,
320 1497 353 1561 in
366 1497 424 1561 hou
439 1515 470 1560 se
484 1496 598 1562 diaboli
613 1499 678 1562 arie
692 1498 869 1580 demptum,
884 1501 921 1563 ui
934 1517 1078 1564 exeussus
1094 1518 1111 1564 e
1125 1515 1233 1564 sumno
1250 1515 1322 1563 uon-

162 1598 300 1664 rusilium
324 1617 384 1664 nun
408 1599 547 1677 haberet,
570 1618 630 1682 quo
649 1619 703 1682 per
722 1599 814 1665 fidem
829 1602 860 1666 ei
875 1601 1042 1666 orationem
1055 1602 1191 1684 periculo
1206 1620 1321 1685 repug-

194 1703 294 1766 naret:
317 1701 445 1784 denique
459 1703 525 1766 lam
539 1702 592 1767 diu
608 1702 688 1767 cirea
706 1721 737 1767 se
752 1703 886 1768 saeuisse
903 1704 1024 1789 ignem,
1045 1704 1195 1788 quamdiu
1216 1722 1320 1768 erum-

193 1821 262 1886 pere
277 1803 391 1869 ostium
405 1804 546 1869 turbatus
561 1807 663 1870 menie
676 1806 884 1889 temptauerit.
900 1807 954 1872 ubi
969 1825 1040 1872 uero
1055 1807 1207 1871 uexillum
1222 1806 1320 1871 erucis
1332 1813 1373 1868 16

193 1907 225 1971 el
238 1906 382 1972 orationis
397 1926 482 1972 arma
495 1907 669 1992 repetisset,
691 1908 807 1973 medias
822 1909 1116 1988 cessissemus,
1139 1928 1232 1992 seque
1247 1910 1316 1974 tum

193 2008 321 2074 sensisse
343 2011 494 2088 rorantes,
518 2029 592 2093 quas
612 2010 691 2076 male
716 2013 794 2075 essai
814 2013 954 2093 expertus
975 2013 1106 2076 urentes.
1131 2012 1212 2077 unde
1226 2011 1319 2076 intel·

158 2111 275 2195 ¹⁵legai
299 2112 438 2195 quisquis
463 2113 537 2178 haee
560 2112 685 2197 legarit,
708 2113 894 2195 templulum
920 2114 1045 2197 quidem
1064 2115 1119 2178 illo
1143 2114 1316 2180 Martinum

191 2213 340 2296 periculo,
362 2215 415 2280 sed
429 2233 499 2280 uere
514 2216 687 2298 probatum.

246 2436 261 2493 1
281 2436 366 2490 suiuus
382 2437 420 2491 V:
439 2453 487 2492 orn.
501 2437 571 2491 Aru
622 2436 641 2493 4
659 2439 736 2491 areni
751 2438 817 2491 mei:
831 2437 965 2491 cubabant
982 2437 1072 2492 Berol.
1091 2443 1117 2492 et
1129 2442 1146 2490 1
1157 2436 1213 2492 cod.
1234 2437 1316 2491 Gisel.

243 2521 468 2581 aunonenses
489 2523 594 2577 Lusius
616 2525 628 2593 ΙΙ
650 2523 805 2592 demoioqus
825 2523 921 2577 AFV:
940 2523 1091 2592 dimotaque
1114 2538 1131 2578 u
1161 2524 1174 2592 ΙΙ
1205 2523 1265 2592 igni
1286 2524 1314 2576 A

249 2607 266 2664 6
284 2608 316 2662 de
333 2609 367 2662 V:
390 2608 457 2662 eod.
470 2609 565 2673 Lusii,
584 2625 632 2663 oni.
646 2609 717 2664 AFu
767 2608 857 2664 uerbis
872 2609 908 2664 V:
926 2613 957 2663 ut
976 2609 1066 2664 uerbis
1086 2610 1158 2664 Aru
1208 2609 1227 2666 9
1245 2625 1260 2663 e
1277 2609 1316 2665 V:

192 2697 207 2746 ὅ
227 2709 241 2747 e
261 2693 289 2762 (i
312 2709 332 2748 e.
347 2697 389 2748 esi
408 2696 433 2764 a)
454 2694 493 2762 F,
512 2711 529 2749 a
547 2696 574 2748 A
627 2695 664 2752 12
681 2695 809 2750 uexillum
824 2696 861 2750 V:
881 2695 1012 2750 auxilium
1028 2695 1102 2750 AFe
1160 2694 1197 2752 13
1215 2696 1319 2762 aunon

246 2778 281 2838 15
300 2779 413 2833 martino
427 2780 453 2833 V
503 2780 539 2837 16
558 2780 604 2834 sed
616 2797 677 2836 uere
701 2781 736 2835 V:
756 2781 802 2835 sed
813 2782 869 2849 Au,
896 2784 924 2835 et
934 2781 971 2849 F,
990 2780 1035 2835 sed
1047 2783 1075 2835 et
1087 2797 1149 2836 cum
1159 2781 1269 2836 Aldina
1281 2781 1317 2836 de

192 2864 294 2934 Prata,
315 2865 363 2934 qui
382 2866 454 2932 salso
474 2867 560 2933 refert
581 2865 626 2920 sed
647 2882 707 2920 uere
726 2867 758 2921 in
783 2866 971 2922 Vinductum
991 2883 1048 2921 esse
1070 2868 1083 2934 ΙΙ
1105 2867 1180 2936 Exul
1200 2866 1316 2936 epistula

192 2949 287 3019 sulpici
299 2951 388 3020 (-cii
400 2953 481 3021 corr.)
493 2953 585 3006 seueri.
604 2952 674 3006 Ilum
692 2952 742 3006 inc.
764 2952 882 3006 eiusdem
902 2953 936 3006 ad
956 2953 1083 3006 amilium
1103 2951 1166 3006 died
1184 2952 1220 3017 V,
1239 2952 1314 3022 mpr

191 3035 252 3105 epla
272 3035 370 3091 Seueri.
389 3037 443 3092 Ine.
456 3038 511 3091 alia
522 3037 639 3092 eiusdem
651 3037 684 3091 ad
695 3038 868 3093 Aurelianum
888 3039 948 3107 (aad
968 3040 1040 3093 wem
1059 3040 1092 3092 in
1114 3037 1317 3106 subscriptione
1345 3101 1351 3111 ⁵

191 3120 333 3192 anorum)
348 3122 488 3177 russonum
504 3123 544 3188 n,
570 3123 645 3192 nxpu
662 3123 724 3193 epra
745 3123 837 3178 seueri
854 3124 888 3180 aa
904 3125 1050 3180 nuseium
1063 3109 1153 3195 imi.
1172 3125 1243 3179 nem
1259 3125 1317 3179 uua

191 3205 307 3262 sinadam
319 3207 353 3263 ud
364 3208 538 3263 Aurelianum
550 3209 688 3264 diaconum
699 3211 727 3262 A
