3300 5142
652 561 816 617 Octauius
834 576 854 615 6.
876 561 920 666 19.
1311 561 1353 626 27

225 720 341 786 scribit.
359 718 588 802 Theophrastus
604 717 699 783 etiam
714 717 832 796 uariat,
855 716 932 781 alias
947 715 1076 794 mundo,
1097 715 1176 781 alias
1191 715 1289 781 menti
1305 714 1353 779 di·
1366 719 1407 774 10

225 822 315 888 uinae
328 822 467 887 tribuens
478 820 695 903 principatum.
708 819 810 885 Zenon
821 821 854 886 et
860 818 1048 903 Chrysippus
1063 819 1094 884 et
1105 817 1265 884 Cleanthes
1281 819 1353 883 sunt

225 927 257 991 et
267 925 329 1008 ipsi
340 925 557 1004 multiformes,
573 925 627 988 sed
636 923 675 988 ad
686 923 838 988 unitatem
850 922 1060 1005 prouidentiae
1072 939 1176 987 omnes
1186 922 1352 988 16661666-

224 1031 286 1094 tur.
303 1028 465 1094 Cleanthes
480 1028 564 1093 enim
578 1028 732 1105 mentem,
748 1026 840 1092 modo
855 1027 1009 1105 animum,
1026 1026 1115 1092 modo
1132 1025 1271 1103 aethera,
1285 1023 1351 1106 ple-

202 1150 353 1214 srnmque
368 1131 520 1197 rationem
542 1131 635 1195 deum
651 1130 806 1195 disseruit.
829 1129 945 1206 Zenon,
962 1129 1100 1194 eiusdem
1114 1129 1279 1214 magister,
1295 1146 1353 1191 na·

222 1234 355 1301 turalem
369 1235 471 1320 legem
486 1235 578 1316 atque
593 1233 733 1299 diuinam
746 1233 778 1298 et
793 1233 917 1298 aethera
929 1233 1056 1298 interim
1070 1232 1288 1314 interdumque
1302 1249 1351 1296 ra·

222 1336 339 1404 tionem
354 1339 425 1403 uult
440 1339 580 1403 omnium
595 1355 661 1403 esse
675 1336 879 1420 principium
900 1335 985 1401 idem
1007 1337 1237 1418 interpretando
1258 1336 1351 1400 luno-

221 1447 396 1520 hamstra,
421 1441 528 1506 Iouem
550 1441 685 1520 caelum,
707 1441 889 1522 Neptunum
904 1460 1004 1520 mare,
1025 1442 1130 1524 ignem
1154 1437 1351 1504 6666116166-

223 1563 299 1608 num
314 1546 346 1609 et
361 1544 634 1610 66161666116111161
649 1543 737 1628 uulgi
753 1543 824 1608 deos
837 1544 990 1609 elementa
1004 1561 1069 1609 esse
1080 1542 1277 1608 monstrando
1292 1560 1350 1623 pu·

187 1667 213 1706 1o
221 1646 339 1712 blicum
359 1647 463 1731 arguit
483 1648 621 1731 grauiter
643 1647 820 1712 6116616611
841 1647 1110 1712 errorem-eadem
1125 1644 1188 1710 lere
1203 1644 1350 1729 Chrysip·
1362 1650 1401 1704 11

220 1767 294 1833 pns:
317 1749 384 1815 uim
399 1750 554 1827 diuinam,
577 1747 760 1815 rationalem
779 1750 923 1814 naturam
944 1750 975 1816 61
996 1749 1147 1814 mundum
1176 1749 1350 1814 interimet

220 1850 349 1917 fatalem
374 1852 590 1917 necessitatem
622 1853 713 1918 deum
741 1853 840 1918 credit
862 1852 1075 1935 Zenonemque
1098 1851 1350 1933 interpretatione

219 1955 432 2040 physiologica
446 1954 479 2019 in
493 1954 635 2033 Hesiodi,
666 1956 794 2020 Homeri
821 1954 996 2039 Orpheique
1026 1955 1214 2021 carminibus
1241 1955 1350 2020 imite-

218 2057 280 2122 tur.
303 2057 474 2140 Babylonio
489 2057 585 2122 etiam
606 2058 737 2141 Diogeni
758 2058 921 2141 disciplina
941 2060 988 2123 est
1011 2058 1178 2141 exponendi
1200 2061 1231 2124 et
1251 2059 1349 2123 disse·
1361 2066 1401 2121 12

184 2187 209 2227 rs
218 2159 315 2239 rendi,
331 2159 416 2226 louis
430 2163 556 2242 partum
571 2161 603 2225 et
614 2161 719 2226 ortum
733 2161 893 2227 Mineruae
907 2162 939 2226 et
953 2163 1010 2228 hoc
1026 2179 1122 2246 genus
1138 2164 1237 2227 cetera
1246 2181 1348 2227 rerum

219 2261 369 2326 uocabula
381 2280 455 2342 esse,
471 2280 532 2327 non
542 2262 678 2328 deorum.
694 2283 768 2329 nam
781 2263 955 2330 8661611666
966 2265 1135 2348 Xenophon
1150 2264 1283 2331 formam
1299 2265 1348 2330 dei
1361 2281 1401 2336 13

218 2363 284 2428 neri
295 2367 389 2450 negat
400 2365 500 2430 uideri
515 2383 603 2447 posse
617 2368 649 2431 61
658 2367 726 2432 ideo
739 2368 844 2450 quaeri
858 2387 919 2434 non
932 2371 1082 2451 oportere,
1092 2367 1220 2433 Ariston
1227 2367 1348 2434 Stoicus
1372 2357 1400 2374 ”

217 2467 421 2547 conprehendi
436 2469 559 2533 omnino
573 2487 634 2534 non
648 2488 751 2553 posse:
779 2473 908 2553 uterque
923 2473 1120 2538 maiestatem
1143 2472 1202 2536 Dei
1222 2472 1347 2537 intelle-

217 2570 310 2653 gendi
326 2569 537 2654 desperatione
552 2575 720 2638 senserunt.
758 2573 885 2640 Platoni
911 2575 1046 2657 apertior
1069 2574 1106 2642 de
1129 2576 1185 2641 deo
1205 2577 1237 2641 61
1256 2576 1347 2642 16166
1359 2585 1400 2639 14

182 2672 293 2754 scipsis
309 2677 341 2739 61
351 2675 529 2740 6661161166
544 2678 642 2741 oratio
658 2679 752 2742 estet
767 2697 844 2760 qnae
859 2679 926 2744 1616
940 2681 1021 2744 66661
1036 2679 1186 2757 molestis,
1201 2679 1261 2744 nisi
1276 2698 1346 2761 per·

216 2776 366 2843 suasionis
381 2779 483 2843 ciuilis
495 2798 725 2862 nonnumquam
737 2780 926 2848 admixtione
938 2782 1134 2849 sordesceret.
1151 2782 1274 2848 Platoni
1284 2783 1346 2848 116-

215 2898 274 2961 que
294 2881 328 2944 in
349 2881 475 2948 Timaeo
497 2882 635 2948 deusest
656 2884 722 2966 ipso
743 2903 798 2950 suo
812 2885 936 2951 nomine
956 2887 1066 2952 mundi
1080 2906 1208 2971 parens,
1236 2889 1347 2954 artilex
1369 2907 1371 2911 ·

215 2983 349 3063 animae,
366 2985 546 3051 caelestium
561 2987 812 3069 terrenorumque
834 2987 1015 3069 fabricator,
1043 3008 1135 3073 quem
1156 2992 1188 3056 61
1208 2991 1347 3058 inuenire

266 3221 282 3277 1
302 3221 501 3290 Theophrastus
514 3224 598 3277 etiam
614 3224 733 3280 Valrlea:
751 3226 917 3282 theofrastus
935 3231 962 3282 61
979 3230 1007 3283 Ρ
1030 3231 1042 3296 ΙΙ
1069 3230 1345 3300 uariat-principa-

211 3307 280 3374 1616]
294 3306 399 3361 116661.
413 3309 448 3375 P,
461 3309 495 3375 cs.
510 3309 585 3378 adp.
598 3313 647 3380 26,
660 3316 695 3364 19
741 3312 911 3382 Zcrysippns
925 3315 975 3382 Pr,
987 3316 1052 3369 item
1063 3315 1144 3382 iufra
1196 3316 1344 3372 dmentem

213 3390 270 3446 Pr.-
279 3392 408 3447 mundum
413 3393 562 3449 Douisius:
575 3398 634 3464 ipse
644 3397 737 3452 malim
745 3398 874 3452 mundum
883 3399 959 3455 modo
968 3401 1024 3470 (uel
1033 3403 1149 3456 mentem
1159 3402 1254 3473 modo),
1267 3403 1344 3458 modo

211 3477 343 3543 animum;
367 3479 403 3546 cf.
422 3479 474 3534 116.
489 3480 504 3533 l.
519 3497 540 3534 6.
554 3482 570 3549 g
582 3485 632 3536 37:
651 3482 795 3538 Cleanthes
813 3487 903 3539 antem
913 3526 936 3541 ..
955 3489 1014 3540 tum
1026 3488 1114 3556 ipsum
1126 3489 1253 3544 mundum
1265 3489 1343 3544 deum

210 3560 279 3616 dicit
290 3579 355 3632 esse,
369 3566 428 3618 tum
439 3565 525 3618 totins
536 3569 649 3621 naturae
665 3569 751 3622 menti
767 3571 848 3639 atque
866 3571 955 3626 animo
971 3573 1071 3628 tribuit
1088 3575 1137 3628 hoc
1152 3591 1258 3640 nomon,
1283 3579 1342 3630 tum

210 3646 337 3702 ultimum
349 3650 578 3705 stultissimum..
592 3651 720 3719 ardorem,
733 3655 780 3723 qni
791 3656 886 3710 aether
897 3658 1056 3725 nominetur,
1073 3661 1251 3716 certissimum
1263 3662 1342 3717 deum

209 3733 312 3788 indicat
355 3736 374 3794 5
392 3735 503 3790 disserit
522 3736 659 3793 Dcuisa'us
678 3746 763 3804 recte,
781 3748 814 3796 ut
825 3743 955 3811 uidetur5
974 3762 1040 3799 uum
1055 3750 1218 3814 praeseutia
1227 3754 1343 3816 praeter

208 3819 225 3888 θ
237 3824 255 3874 4
266 3819 445 3890 (1161161616)
454 3824 657 3878 61661666611611
669 3832 695 3880 61
705 3833 862 3895 sequuntur
913 3829 948 3885 11
962 3831 1018 3884 uim
1031 3832 1102 3885 enim
1114 3831 1234 3886 diuinam
1248 3834 1342 3890 Vouclr

207 3904 242 3960 L.
253 3907 288 3960 L.
297 3923 327 3975 p.
341 3911 377 3962 56
437 3906 474 3964 13
486 3909 670 3980 physiologica
687 3911 830 3966 Bursian:
850 3913 1045 3986 physo·sogias
1065 3918 1092 3971 P
1108 3934 1177 3972 corr.
1196 3920 1228 3972 iu
1246 3919 1341 3988 phylo·

207 3988 303 4060 legiae,
322 3992 533 4063 physiologiaer
553 3997 565 4064 ΙΙ
585 3996 686 4050 aesiodi
698 3996 801 4052 homeri
812 3999 932 4068 orleiquo
945 4001 973 4055 P
1036 4003 1074 4059 14
1092 4002 1236 4073 disciplina
1248 4004 1339 4059 eadem

208 4078 402 4146 esterpononti
418 4082 447 4133 et
462 4079 606 4134 disserenti
617 4082 711 4136 malim
762 4084 799 4143 15
819 4087 908 4139 661616
920 4087 1074 4157 1166111661
1094 4092 1241 4144 ceterarum
1262 4093 1305 4146 Pr

208 4161 246 4218 16
264 4178 326 4217 nam
339 4165 377 4218 P:
390 4166 455 4232 fort.
469 4164 524 4219 iam
537 4168 553 4235 ll
569 4169 680 4222 renolon
694 4169 722 4222 P
774 4170 811 4227 17
831 4171 915 4226 aristo
925 4173 1044 4228 stonicns
1054 4176 1088 4243 P,
1101 4174 1193 4230 Aristo
1202 4177 1301 4232 stoicus
1313 4193 1338 4240 r,

206 4247 298 4304 Aristo
319 4249 402 4306 Chius
424 4251 572 4321 Gelenius;
594 4269 645 4308 uos
667 4256 785 4322 feroram
804 4257 915 4312 Ariston
936 4275 970 4314 66
991 4261 1047 4315 leui
1067 4261 1167 4316 redicas
1179 4263 1338 4332 corruptela

206 4336 377 4391 restituimus
430 4336 466 4394 18
485 4339 687 4408 compraehendi
710 4341 754 4395 Pr
780 4343 793 4410 ΙΙ
820 4344 994 4413 magistatem
1007 4347 1035 4400 P
1086 4346 1126 4404 20
1142 4350 1170 4401 et
1184 4348 1338 4403 hominibus

205 4418 357 4491 dictersius,
370 4427 401 4476 61
411 4439 438 4477 u.
451 4421 551 4477 Duum.
575 4425 587 4491 ll
610 4424 675 4491 fort.
688 4429 744 4492 661,
763 4443 831 4497 qnae
852 4429 923 4498 (siue
934 4432 973 4500 61)
1036 4432 1074 4488 22
1098 4431 1215 4502 ipsosne
1228 4434 1335 4490 Poorr.

206 4519 241 4560 66
257 4506 347 4575 ipsu03
365 4507 423 4576 ipso
437 4509 556 4564 Vrsinus
