3300 5142
639 570 744 637 Epist.
765 570 793 622 u.
815 571 859 623 vr.
1253 565 1316 630 aab

190 718 288 777 docere
303 738 359 778 non
375 725 487 782 tantum
503 742 564 785 esse
580 728 691 787 timoris
706 733 846 804 quantum
862 731 922 803 ipse
937 727 1109 802 praetendis.
1126 725 1232 797 fateor,
1249 727 1316 783 dum

190 840 242 880 nos
263 840 380 896 campum
400 827 555 900 exciperet,
578 847 623 889 me
642 848 724 906 saepe
747 833 834 891 armis
858 831 1036 906 eloquentiae
1055 833 1123 888 tuae
1146 828 1234 887 fuisse
1249 845 1316 886 con·

191 925 338 1000 territum,
370 929 419 987 sed
444 929 665 1004 frequentaret
689 937 816 1009 poteram
843 933 968 993 recidiua
993 933 1114 992 uulnera
1138 930 1315 1004 reponebam.

191 1030 285 1088 tecum
311 1046 379 1089 saue
405 1032 557 1107 condidici,
596 1054 650 1110 quo
665 1037 727 1096 inre
742 1037 833 1097 coloni
849 1054 941 1112 quoue
955 1037 1052 1097 ordine
1068 1035 1248 1108 repetantur,
1271 1033 1317 1090 cui

169 1134 324 1205 aooupetat
339 1134 427 1205 actio,
451 1137 496 1194 cui
511 1154 569 1196 non
583 1141 716 1213 conpetat
731 1141 825 1199 exitus
840 1140 969 1199 actionis.
994 1137 1215 1211 volusianenses
1230 1135 1272 1194 ais
1288 1137 1316 1193 te

192 1233 267 1293 uelle
282 1237 412 1296 reducem
433 1257 465 1298 ac
489 1239 653 1314 frequenter
667 1243 759 1303 iratus
773 1243 933 1318 ingeminas
948 1246 977 1302 te
991 1241 1113 1301 rusticos
1127 1258 1162 1300 ex
1177 1255 1239 1299 mea
1255 1241 1316 1298 tur-

192 1342 283 1400 ricula
298 1343 500 1402 retracturum:
525 1347 554 1403 et
580 1345 605 1403 is
630 1346 697 1420 qui,
727 1349 761 1405 ut
784 1364 836 1420 ego
862 1362 943 1419 spero
969 1346 1059 1418 adque
1074 1343 1224 1424 desidero,
1247 1339 1317 1399 mihi

193 1445 313 1519 antiqua
333 1446 540 1506 necessitudine
567 1447 607 1506 sis
626 1448 793 1522 copulatus,
816 1451 1010 1522 correpturum
1034 1451 1063 1506 te
1089 1447 1217 1506 homines
1242 1461 1318 1503 meos

193 1548 377 1608 conuentione
399 1548 530 1623 neglecta
558 1553 663 1610 temere
683 1552 835 1610 minitaris.
860 1567 963 1626 quaero
984 1552 1018 1610 de
1041 1550 1147 1624 insigni
1169 1547 1319 1622 prudentia

159 1655 258 1726 rotua,
281 1657 377 1711 utrum
399 1652 444 1710 ius
465 1652 544 1711 aliud
559 1654 683 1712 habeant
698 1654 843 1725 aduocati,
867 1655 944 1713 aliud
970 1670 1004 1713 ex
1028 1652 1151 1726 togatis,
1175 1668 1211 1709 an
1241 1650 1320 1709 aliud

196 1773 318 1830 aequum
333 1756 437 1814 Borma
452 1756 507 1825 sit,
531 1755 609 1813 aliud
625 1757 738 1815 Matari.

238 1862 266 1917 3.
292 1858 330 1916 Te
345 1857 461 1916 interim
477 1857 570 1916 nescio
586 1858 734 1918 Volusiani
754 1861 837 1918 fundi
859 1878 993 1934 umquam
1009 1860 1098 1918 fuisse
1112 1858 1271 1930 dominum,
1295 1857 1320 1915 si

195 1962 309 2035 quidem
325 1960 478 2034 Dionysius
492 1960 584 2018 fertm
599 1961 660 2019 eius
674 1963 860 2035 possessionis
875 1963 938 2020 iura
958 1979 1104 2034 seruasse,
1128 1977 1218 2035 neque
1238 1961 1320 2018 here-

196 2066 245 2123 des
259 2064 339 2122 illius
354 2062 506 2134 defecisse,
530 2063 662 2147 quidum
677 2063 802 2137 uiueret,
825 2065 867 2126 rei
889 2065 1002 2125 naualis
1024 2066 1054 2123 iu
1075 2064 1212 2139 plurimos
1233 2079 1320 2121 uena·

161 2179 187 2217 1⁵
196 2168 238 2227 las
253 2167 366 2226 eculeos
381 2167 556 2224 intendebat.
581 2166 638 2224 fuit
652 2183 686 2225 ea
701 2169 871 2240 tenpestate
892 2168 1066 2243 Porphyrius
1081 2167 1196 2242 quidam
1220 2167 1320 2225 Zibbe-

197 2271 258 2329 rino
274 2273 368 2341 satus,
393 2285 484 2343 neque
510 2272 605 2328 tamen
633 2272 708 2328 recte
723 2269 866 2330 Zibberini
881 2269 959 2329 filius
979 2270 1151 2329 nominatus
1175 2269 1249 2328 idem
1271 2285 1321 2342 ge-

197 2373 273 2432 neris
285 2371 478 2446 quaestionem
493 2371 599 2430 militia
613 2373 795 2444 consolabat,
812 2377 842 2431 et
856 2376 889 2432 ut
903 2373 1007 2433 nubem
1022 2390 1039 2431 a
1054 2372 1146 2432 fronte
1161 2371 1321 2445 repelleret,

198 2475 323 2533 officiosa
337 2475 431 2549 gratia
446 2477 474 2533 et
490 2475 574 2533 laetis
588 2475 731 2549 obsequiis
746 2475 926 2550 fungebatur.
959 2475 1082 2535 multum
1098 2492 1208 2534 mecum
1222 2475 1279 2535 fuit
1294 2477 1322 2535 at

198 2578 273 2636 domi
287 2579 317 2635 et
331 2578 362 2636 in
375 2577 451 2649 foro,
474 2593 538 2636 cum
558 2595 601 2636 me
622 2581 651 2637 et
666 2579 741 2652 apud
761 2583 871 2651 petrem
891 2579 1036 2639 defensore
1057 2582 1086 2638 et
1106 2579 1181 2652 apud
1201 2579 1322 2638 iudicem

162 2682 316 2753 eopatrono
332 2681 444 2754 saepius
463 2683 599 2740 uteretur.
624 2681 776 2754 aliquando
802 2682 888 2741 etiam
914 2683 1080 2758 Dionysium
1103 2683 1320 2758 comprimebam,
1374 2717 1375 2722 κ

198 2784 272 2857 quod
287 2783 444 2857 Porphyrio
459 2801 514 2842 nou
529 2783 643 2843 deberet
658 2783 763 2856 uiginti
785 2785 914 2858 iugorum
936 2803 1020 2844 carisa
1036 2788 1213 2847 nauicularia
1228 2788 1321 2862 iurgia

195 2901 378 2944 commouere.

239 2991 268 3046 4.
293 2987 337 3045 llu
353 3005 438 3046 causa
457 2990 501 3047 est
522 3005 572 3048 cur
593 2989 715 3062 insignis
730 2990 881 3062 prudentia
901 2993 952 3049 tua
969 2992 1039 3050 meis
1054 2993 1204 3052 minitetur
1219 2995 1321 3053 actori-

196 3091 266 3162 bus,
289 3093 323 3148 ut
338 3108 401 3149 curn
417 3092 548 3150 dominus
562 3092 617 3150 loci
631 3110 687 3150 non
707 3092 766 3163 sis,
790 3093 896 3165 passim
911 3095 1073 3154 ‹arlonorum
1087 3113 1212 3155 meorum
1233 3096 1323 3155 facias

161 3213 187 3253 aa
197 3194 377 3254 mentionem.
401 3196 431 3252 et
453 3195 478 3252 si
501 3197 530 3253 te
544 3195 695 3267 Porphyrii
715 3195 867 3254 denuntias
888 3213 1091 3271 successorem,
1114 3199 1219 3272 uiginti
1242 3199 1322 3274 iuge-

197 3314 259 3354 rum
275 3296 352 3355 noris
367 3296 516 3370 angustias
537 3313 573 3355 ne
595 3297 630 3355 ab
650 3314 706 3355 uuo
721 3297 835 3370 quidem
851 3298 959 3357 cultore
973 3317 1055 3372 posse
1069 3302 1202 3359 tractari:
1227 3305 1277 3360 aut
1298 3302 1322 3361 si

196 3401 226 3457 te
240 3416 391 3458 memorem
407 3401 607 3472 custodemque
622 3399 752 3473 propriae
766 3400 918 3472 dignitatis
939 3401 1018 3475 piget
1032 3403 1162 3462 heredem
1177 3404 1323 3464 nominare

197 3502 364 3576 Porphyrii,
387 3504 495 3560 certum
522 3501 761 3575 manifestumque
787 3506 832 3561 est
857 3503 940 3562 illum
967 3521 1047 3577 posse
1073 3522 1243 3579 proponere,
1274 3507 1323 3582 qui

197 3605 370 3677 proponendi
385 3605 489 3663 habeat
504 3604 686 3675 facultatem,
709 3607 742 3662 ut
758 3606 908 3664 aduersum
923 3623 970 3664 eos
986 3609 1160 3681 experiatur,
1185 3611 1235 3683 qui
1249 3610 1322 3668 nihil

162 3723 230 3765 acor
245 3709 341 3766 eadem
358 3710 434 3765 terre
448 3707 619 3780 possideant.
644 3711 767 3766 ceterum
790 3709 815 3765 si
830 3707 983 3782 diligenter·
1007 3709 1158 3784 inspicias,
1181 3713 1252 3770 mihi
1273 3729 1323 3786 po-

196 3810 338 3867 tissimum
365 3810 468 3868 deferri
489 3813 583 3883 potest
606 3809 726 3868 intentio
741 3811 896 3882 repetendi.
920 3829 1022 3885 quere,
1045 3814 1155 3872 domiue
1178 3814 1322 3886 praedica·

196 3911 263 3969 bilis
279 3911 382 3982 irater,
400 3913 528 3984 quiescas
543 3916 654 3985 oportet
668 3914 697 3970 et
712 3929 819 3971 mecum
836 3915 933 3973 redeas
948 3915 977 3973 in
993 3916 1116 3989 gratiam
1131 3919 1160 3975 et
1175 3918 1211 3975 ad
1226 3917 1323 3990 priua-

230 4095 249 4150 2
267 4086 350 4146 aruri's
360 4093 426 4162 oloq.
440 4097 503 4148 tuae
515 4096 553 4148 P:
566 4095 719 4164 eloquentia
730 4098 779 4150 tua
790 4096 850 4150 eda.
905 4097 923 4153 6
941 4097 1062 4152 reducem
1073 4099 1112 4152 P:
1124 4096 1247 4152 reducere
1262 4098 1321 4152 ead.

248 4179 266 4233 8
285 4180 412 4247 antiquae
425 4181 453 4234 P
472 4182 484 4247 11
507 4183 688 4249 correpturum
701 4183 741 4235 P:
759 4182 939 4236 confecturum
952 4183 1011 4238 edd.
1068 4183 1106 4240 10
1122 4185 1186 4250 fort.
1201 4183 1274 4237 aliud
1287 4185 1323 4237 sit

196 4266 251 4332 tog.
324 4264 359 4321 11
378 4268 420 4319 est
441 4266 507 4320 libri
530 4269 542 4335 11
562 4267 667 4321 matari.
687 4270 715 4321 te
733 4268 841 4321 interim
854 4269 941 4322 nescio
959 4269 1092 4323 uolusiaui
1113 4270 1152 4324 P:
1170 4269 1321 4324 Materitae.

197 4349 308 4404 Interim
320 4351 408 4405 nescio
421 4352 559 4406 Volusium
572 4352 630 4406 edd.
699 4354 735 4409 13
753 4353 883 4408 dionisius
896 4356 924 4409 P
999 4354 1035 4411 14
1055 4355 1144 4424 illius]
1167 4355 1239 4410 aliuo
1259 4356 1280 4424 (i
1292 4358 1322 4410 ιἰι

196 4439 263 4505 rae.)
275 4437 303 4490 P
322 4439 334 4504 ΙΙ
354 4437 479 4491 uuonales
492 4438 619 4492 Pdeleta
630 4455 660 4502 ιι,
685 4440 825 4494 nenenales
838 4440 896 4493 edd.
953 4441 989 4499 15
1008 4440 1140 4510 porfyrius
1153 4441 1181 4495 Ρ
1233 4441 1269 4498 16
1288 4441 1324 4494 si-

200 4525 246 4574 tus
260 4524 287 4576 P
339 4523 376 4579 21
397 4523 515 4592 pyrsyrio
529 4525 556 4578 P
607 4525 645 4583 25
662 4525 775 4594 pyriyrii
789 4527 816 4579 P
