3300 5142
595 525 708 582 Chron.
727 526 763 590 II,
781 524 901 584 49-50.
1278 526 1340 591 108

220 681 428 760 habebantur,
450 682 520 748 aliis
546 682 695 764 episcopis
719 682 909 747 audientiam
934 700 1104 760 rmeruare,
1130 700 1191 746 non
1213 701 1341 746 causum

218 785 398 868 imperatori
413 785 450 850 de
464 788 530 850 tum
544 783 717 850 manifestis
732 785 913 850 criminibus
926 785 1115 867 permittere.

262 889 312 954 lta
338 905 458 966 omnes,
481 905 557 969 qnos
582 905 673 954 cause
697 887 885 965 innotuerat,
908 888 948 952 ed
967 906 1073 971 regem
1087 888 1220 953 dedum.
1243 887 1393 954 secutitl

217 992 314 1056 etiam
329 992 519 1056 accusatores
534 989 667 1056 Ydaoius
682 992 714 1056 et
728 990 867 1055 Ithaoius
881 990 1031 1073 episcopi,
1052 1010 1183 1072 quornm
1202 991 1342 1056 studim

196 1113 310 1176 ssuper
330 1093 539 1178 expugnandis
563 1093 726 1160 haereticis
751 1112 811 1159 non
835 1091 1101 1176 reprehenderem,
1123 1093 1342 1158 sinonstudio

218 1197 359 1262 uincendi
373 1197 443 1280 pius
457 1215 551 1278 quam
566 1197 702 1280 oportuit
715 1199 893 1262 certassent.
918 1214 955 1262 ac
967 1215 1038 1261 mea
1051 1196 1176 1278 quidem
1191 1197 1370 1262 sententiaa

218 1303 281 1378 est,
304 1300 382 1364 mihi
403 1301 470 1366 tam
490 1319 556 1365 reos
578 1319 671 1382 quam
686 1301 878 1366 accusatores
891 1299 1068 1382 displicere,
1091 1302 1173 1365 certe
1187 1299 1342 1364 ithacium

216 1404 296 1470 nihil
321 1404 422 1486 pensi,
444 1403 523 1468 nihil
551 1404 650 1470 sancti
674 1403 818 1474 habuisse
844 1402 971 1467 definio:
992 1402 1054 1467 fuit
1069 1403 1152 1468 enim
1165 1403 1280 1479 audax,
1294 1402 1342 1466 lo·
1414 1455 1428 1488 ‚

217 1526 311 1590 quar,
334 1507 510 1590 impudens
527 1508 741 1590 sumptuosus,
764 1506 866 1572 uentri
887 1507 919 1570 et
939 1505 1030 1589 gulae
1043 1505 1212 1588 plurimum
1225 1506 1342 1588 irnper-

181 1639 207 1679 ιο
216 1609 304 1674 tiens.
328 1609 380 1674 hio
394 1609 547 1674 stultitiae
562 1628 707 1692 eousque
722 1611 926 1692 processerat,
941 1611 978 1673 ut
993 1627 1097 1673 omnes
1111 1609 1207 1674 etiam
1221 1611 1370 1683 sanctona

215 1713 315 1788 uiros,
338 1712 450 1794 quibus
477 1714 532 1777 aut
556 1713 696 1778 studium
721 1712 821 1776 meret
844 1711 985 1777 lectionis
1000 1713 1056 1776 aut
1069 1712 1261 1794 propositum
1275 1713 1343 1775 enat

216 1817 333 1880 certare
347 1814 485 1892 ieiuniis,
508 1817 668 1896 tamquam
689 1813 878 1879 Priscilliani
909 1814 1006 1880 socios
1036 1815 1092 1879 aut
1121 1813 1288 1896 discipulos
1308 1813 1342 1876 in

216 1917 332 1984 crimen
354 1919 528 1984 arcesseret.
553 1937 646 1982 ausus
668 1917 764 1982 eham
786 1917 880 1982 miser
895 1919 943 1982 est
957 1936 994 1982 ea
1007 1919 1194 2000 tempestate
1207 1915 1372 1984 Martin04

215 2020 370 2103 episcopo,
393 2021 461 2086 uiro
475 2020 566 2104 piane
579 2019 739 2103 Apostolis
752 2019 949 2097 conferendo,
971 2020 1076 2102 palam
1097 2019 1249 2085 obiectare
1267 2019 1343 2096 hao-

180 2123 291 2194 1sresis
305 2122 476 2188 infamiam.
500 2141 633 2205 namque
647 2124 716 2186 tum
730 2123 884 2187 Martinus
898 2123 981 2205 apud
993 2123 1141 2187 Treueros
1156 2122 1372 2186 constitutust
1501 2198 1505 2206 ⁸

215 2244 275 2290 non
289 2225 447 2291 desinebat
461 2226 617 2307 inerepare
631 2225 802 2302 ithacium,
827 2227 864 2288 ut
889 2225 927 2290 ab
952 2225 1146 2290 masone
1171 2225 1343 2296 desisteret,

216 2328 389 2393 Maximum
403 2347 506 2406 orare,
529 2330 566 2392 ut
581 2328 728 2411 sanguina
743 2327 917 2393 infelicium
931 2328 1115 2392 abstineret:
1138 2326 1215 2392 satis
1236 2345 1343 2409 super·

216 2451 276 2513 que
297 2431 452 2508 sufficere,
475 2434 512 2496 ut
533 2431 698 2515 episeopah
720 2431 874 2496 sonantia
892 2430 1041 2495 haeretici
1062 2430 1193 2495 iudicati
1207 2429 1343 2494 ecclesiis

216 2534 418 2617 pellerentur:
442 2553 570 2598 saeuum
596 2553 661 2598 esse
687 2536 718 2598 et
743 2533 1035 2612 inauditumnefas,
1057 2536 1094 2598 ut
1108 2551 1233 2598 oausam
1247 2533 1343 2597 ecula·

181 2666 207 2706 so
217 2637 281 2702 siae
303 2637 394 2702 iudan
415 2636 531 2702 saecuh
545 2636 705 2701 iudicaret.
730 2637 860 2718 deniqne
873 2637 974 2718 quoad
987 2655 1084 2718 usque
1098 2635 1252 2701 Martinus
1267 2636 1342 2700 Tre·
1354 2655 1371 2709 6

216 2739 298 2804 ueris
313 2738 389 2816 fuit,
404 2738 503 2804 dilata
514 2739 648 2823 cognitio
663 2741 725 2805 est:
741 2741 773 2803 et
782 2758 854 2804 mox
868 2739 1056 2804 dieemeurus
1071 2739 1195 2822 egregia
1208 2738 1343 2803 auctori·

217 2844 284 2906 tete
313 2861 332 2906 a
360 2841 516 2913 Maximo.
529 2841 635 2906 ehcuit
663 2842 871 2926 sponsionem,
918 2841 997 2906 nihil
1026 2844 1187 2907 cruentum
1215 2843 1249 2906 in
1276 2860 1343 2907 reos

217 2944 475 3011 constituendum.
500 2945 553 3010 sed
582 2947 689 3027 postea
717 2931 886 3028 imperator
915 2963 969 3027 per
995 2945 1146 3028 Magnum
1169 2946 1203 3008 et
1226 2943 1370 3016 Rufinus

217 3048 372 3131 episcopos
393 3048 579 3130 depracatus
600 3049 632 3112 et
655 3067 676 3112 e
700 3047 877 3114 mitioribus
898 3046 1033 3112 consihis
1064 3046 1197 3111 deflexus
1219 3064 1343 3110 oausam

182 3149 370 3233 :spraefepto
397 3150 514 3214 Euodie
540 3150 695 3232 permisit,
719 3150 785 3216 niro
808 3151 872 3215 acri
887 3151 919 3214 et
932 3168 1046 3215 seuero.
1069 3148 1371 3216 isPriscillianum8

217 3253 339 3335 gemino
360 3252 473 3317 iudicio
495 3252 637 3318 auditum
657 3253 892 3335 condictamque
912 3251 1056 3339 maleficii
1080 3270 1137 3316 nac
1154 3250 1343 3316 diffitentem

218 3354 355 3418 obscenis
370 3373 402 3420 se
418 3353 572 3420 studuisse
587 3354 749 3433 doctrinis,
764 3357 930 3421 nocturnos
947 3355 1043 3420 etiam
1056 3354 1198 3438 tempium
1212 3353 1343 3419 femina-

218 3476 289 3520 rum
313 3455 412 3539 egisse
437 3459 604 3522 conuentus
627 3457 804 3540 nudumque
832 3477 919 3524 orare
932 3458 1077 3535 solitum,
1098 3460 1258 3522 meantem
1271 3475 1343 3540 pro·

218 3559 377 3623 nuntiauit
396 3559 575 3644 redegitque
595 3561 627 3624 in
642 3561 823 3638 custodiam,
860 3560 953 3626 donec
968 3560 1008 3626 ad
1022 3560 1192 3644 prinoipem
1207 3560 1342 3626 referret.

183 3663 307 3746 wgesta
333 3661 372 3726 ad
396 3661 550 3746 palatium
575 3662 679 3729 delata
704 3665 881 3746 censuitque
907 3664 1091 3747 imperator,
1113 3662 1345 3728 Priscilhanum

219 3765 375 3846 sociosque
390 3765 455 3830 eius
471 3765 572 3850 capite
587 3765 728 3847 damnari
743 3767 892 3849 oportere.

269 3985 413 4055 4ydetins
426 3989 454 4042 et
470 3987 586 4041 ithetiue
599 3989 627 4042 P
648 3989 660 4055 ΙΙ
683 3987 793 4042 stidium
807 3988 835 4042 P
896 3989 1086 4057 bonporuos:
1104 3986 1222 4056 superin
1235 3985 1274 4049 P,
1287 3983 1343 4038 inb

228 4071 529 4143 ltnon1n(proirlP
585 4073 689 4130 'lmihi
700 4075 821 4128 nontam
835 4074 964 4143 Quoius
1016 4071 1187 4129 BendiurP
1245 4069 1344 4140 {leup-

218 4159 309 4211 tnosus
331 4159 359 4212 P
423 4159 461 4216 10
478 4158 606 4214 stiltitiee
627 4161 655 4214 P
707 4159 743 4216 17
762 4159 885 4214 infolium
906 4160 934 4213 P
986 4159 1022 4215 19
1040 4173 1131 4212 eoum
1152 4159 1191 4222 P,
1209 4157 1343 4211 nouumb

269 4243 308 4300 20
325 4243 456 4299 indiceret
473 4247 501 4300 P
514 4261 582 4300 corr.
597 4261 630 4300 cu
642 4245 806 4310 uindicaret,
830 4245 903 4314 quod
920 4245 997 4299 haud
1007 4245 1063 4298 ecio
1080 4260 1119 4297 aa
1127 4243 1344 4311 praefervidam

217 4329 254 4382 eit
305 4329 344 4386 24
361 4329 478 4385 defluxus
505 4331 533 4386 P
589 4331 627 4390 25
645 4331 748 4385 eniodio
771 4331 798 4385 P
819 4333 832 4400 ΙΙ
862 4331 947 4384 isP:
974 4329 1063 4397 Quid
1115 4329 1153 4385 at
1171 4328 1343 4383 obscoenisb

270 4413 309 4470 30
326 4419 403 4484 gesta
426 4415 505 4486 adp.
527 4417 617 4471 deleta
645 4417 773 4486 censuitq.
802 4417 840 4471 P:
876 4416 962 4486 gestis
983 4415 1016 4469 ad
1035 4431 1062 4485 p.
1083 4415 1182 4470 delatis
1202 4414 1343 4469 consuitis

270 4500 306 4556 31
326 4501 456 4571 capitieb
1151 4549 1159 4596 ί
