3300 5142
353 513 396 576 42
774 509 921 580 Sulpicii
943 509 1058 582 Seueri

324 683 431 741 onem.
456 666 508 730 sed
522 665 576 729 ille
590 683 649 731 non
663 665 748 730 aliud
762 665 822 729 sibi
837 685 930 748 quam
950 665 1130 747 sapientiam
1144 665 1211 729 dari
1229 665 1380 746 poposcit,
1401 663 1475 730 reli-

353 786 412 848 qua
426 769 529 832 omnia
542 768 630 850 parui
644 767 817 832 aestimans.
841 768 887 832 ita
901 785 1005 832 somno
1020 767 1183 845 sudatus,
1206 786 1277 831 cum
1290 767 1361 831 ante
1374 785 1474 832 sacra·

351 869 432 934 rium
447 871 505 935 Dei
520 871 720 948 constitisset,
743 871 880 935 indultae
894 871 954 934 sibi
968 890 988 935 a
1001 871 1065 935 Deo
1079 869 1244 952 sapientiae
1257 869 1475 934 documentum

292 958 300 974 ’
322 991 339 1046 3
350 973 445 1038 dedit.
467 991 598 1055 namque
610 973 687 1037 duae
698 973 842 1038 mulieres
853 993 914 1038 una
924 973 956 1037 in
968 973 1057 1038 domo
1072 971 1268 1049 diuersantes,
1283 989 1355 1036 cum
1368 972 1474 1036 eodem

349 1077 484 1156 tempore
504 1093 612 1156 pucros
632 1075 799 1141 edidissent
818 1077 910 1158 atque
929 1094 965 1140 ex
985 1075 1034 1139 his
1055 1075 1132 1140 alter
1153 1075 1222 1156 post
1243 1075 1326 1139 diem
1346 1075 1474 1138 tertium
1494 1091 1508 1130 ⁵

349 1179 435 1244 nocte
455 1177 582 1256 obisset,
605 1179 703 1243 mater
722 1178 858 1244 defuncti
883 1196 988 1243 somno
1008 1178 1134 1244 alterius
1153 1178 1298 1242 insidiata
1316 1178 1474 1241 mortuum

348 1298 439 1344 suum
454 1281 626 1363 supposuit,
649 1282 806 1346 uiuentem
820 1281 958 1346 abstulit.
981 1281 1051 1346 inde
1065 1281 1145 1345 inter
1158 1298 1209 1345 eas
1223 1281 1261 1344 de
1274 1297 1365 1362 puero
1380 1279 1472 1344 alter·

348 1381 443 1460 catio,
466 1385 618 1464 postremo
637 1402 684 1447 res
711 1385 750 1448 ad
770 1402 875 1468 regem
894 1383 1009 1448 debta:
1038 1383 1175 1448 difficilis
1195 1382 1302 1448 iudicii
1322 1382 1473 1447 absolutio

318 1484 427 1551 enter
441 1485 597 1570 negantis,
620 1487 674 1550 ubi
694 1487 782 1550 testis
797 1488 909 1552 deerat.
931 1488 1001 1551 tum
1015 1485 1157 1552 Salomon
1171 1486 1293 1551 diuinae
1308 1486 1473 1567 sapientiae

347 1605 472 1652 munere
493 1588 603 1670 perimi
630 1607 760 1671 puerum
782 1608 949 1672 corpusque
969 1590 1035 1653 eius
1057 1589 1156 1654 diuidi
1177 1589 1257 1654 inter
1283 1589 1472 1672 ambigentes
1480 1605 1507 1643 ιο

346 1689 440 1753 iubet.
463 1708 592 1772 cumque
621 1711 681 1756 una
707 1711 811 1757 aarum
832 1693 944 1757 iudicio
964 1693 1185 1774 adquieuisset,
1207 1691 1269 1756 alia
1281 1710 1353 1756 uero
1368 1692 1472 1756 cedere

344 1792 447 1872 potius
461 1811 553 1874 puero
569 1813 661 1876 quam
676 1794 807 1876 discerpi
820 1815 892 1859 eum
906 1795 1028 1873 mallet,
1050 1795 1193 1860 Salomon
1206 1813 1241 1859 ox
1255 1795 1366 1859 affeetu
1381 1794 1471 1859 femi·

263 1959 268 1970 ,
343 1913 399 1959 nae
419 1894 497 1960 banc
516 1915 586 1960 uere
606 1897 737 1961 matrem
758 1915 822 1962 esse
837 1898 1022 1976 coniectans,
1044 1917 1172 1980 puerum
1197 1898 1246 1962 illi
1271 1897 1470 1990 adiudicauit

342 2015 402 2062 non
428 1998 493 2062 sine
519 1999 783 2065 oncumstnntium
809 2001 1024 2079 admiratione,
1047 2002 1198 2083 siquidem
1223 2001 1370 2067 latentem
1389 2002 1470 2066 ueri·

314 2101 440 2165 5tatem
454 2101 616 2182 prudentia
630 2101 815 2184 protulisset.
839 2104 885 2168 ita
904 2104 937 2168 in
956 2105 1189 2169 admirationem
1208 2105 1324 2188 ingenii
1337 2106 1506 2188 prodeo-1³

342 2201 462 2285 tiaeque
477 2204 542 2268 eius
556 2223 642 2289 reges
657 2205 829 2270 uicinarum
849 2207 988 2290 gentium
1008 2208 1178 2271 amicitiam
1198 2207 1236 2272 ab
1256 2225 1291 2272 eo
1306 2207 1470 2290 foedusque

341 2306 469 2387 petiere,
492 2309 590 2389 parati
605 2309 754 2390 imperata
768 2307 875 2373 iecere.

292 2428 333 2491 40
385 2406 461 2486 Quis
497 2409 605 2491 opibus
639 2411 768 2474 conlisus
801 2410 953 2492 templum
985 2412 1048 2475 Deo
1076 2412 1207 2477 inmensi
1240 2414 1340 2496 operis
1372 2413 1470 2478 lacere

342 2528 519 2593 aggressus,
541 2512 656 2593 paratis
675 2531 729 2594 per
748 2513 916 2576 triennium
936 2513 1115 2595 impendiis,
1137 2517 1245 2599 quarto
1264 2517 1327 2581 fere
1346 2516 1468 2598 imperii

341 2629 418 2676 anno
438 2613 574 2694 primum
594 2614 829 2679 fundamentum
851 2615 937 2694 iecit,
961 2634 979 2680 a
999 2617 1184 2698 profectione
1203 2619 1412 2684 Hebraeorum
1431 2635 1503 2683 ereo

340 2714 482 2798 Aegypto
503 2734 580 2780 auno
601 2715 662 2780 fere
683 2718 789 2781 octauo
810 2718 842 2781 et
861 2719 1045 2801 octogesimo
1067 2721 1099 2784 et
1113 2721 1372 2805 quingentesimo,
1393 2721 1467 2785 licet

339 2815 419 2880 libro
432 2817 608 2901 Regnorum
622 2820 713 2883 tertio
728 2837 860 2884 coccxn
877 2819 971 2886 fuisse
987 2822 1170 2901 referantur,
1185 2825 1266 2906 quod
1275 2842 1467 2907 nequaquam

339 2921 495 2998 conuenit,
524 2921 676 3002 siquidem
697 2941 750 3004 per
772 2923 881 2988 seriem
908 2926 1046 3006 superius
1073 2927 1319 3008 comprehensam
1343 2925 1464 2992 facilius

310 3020 446 3100 eluant,
470 3023 506 3086 ut
520 3024 622 3089 minus
638 3023 775 3089 fortassis
790 3044 938 3091 annomm
953 3047 1046 3110 quam
1060 3029 1193 3111 amplius
1208 3031 1388 3096 annotarim.
1411 3032 1464 3096 sed

336 3141 396 3188 non
418 3124 526 3189 dubito
548 3126 743 3192 librariorum
763 3129 866 3210 potius
887 3131 1095 3216 neglegentia,
1123 3134 1303 3215 praesertim
1327 3135 1376 3199 tot
1396 3135 1459 3199 iam
1473 3139 1498 3180 ’ὅ

336 3227 464 3291 saeculis
487 3227 758 3310 intercedentibus,
788 3232 951 3298 uenmtem
979 3233 1073 3299 fuisse
1095 3237 1283 3317 corruptam,
1313 3250 1405 3319 quam
1426 3240 1463 3301 ut

335 3329 481 3410 propheta
508 3332 662 3396 errauerit.
692 3333 773 3397 sicut
800 3333 833 3399 in
859 3336 917 3399 hoc
944 3335 1010 3417 ipso
1031 3339 1134 3402 nostro
1156 3339 1300 3421 opusculo
1323 3339 1462 3404 futurum

335 3430 501 3510 credimus,
523 3433 559 3497 ut
578 3433 815 3500 describentium
836 3437 968 3515 mcuria,
992 3458 1068 3520 quae
1088 3459 1149 3504 non
1168 3441 1318 3506 incuriose
1337 3461 1357 3506 a
1374 3441 1462 3506 nobis

334 3533 406 3596 sunt
421 3533 548 3618 digesta,
566 3535 723 3602 uitientur.
740 3539 838 3622 igitur
849 3539 991 3605 Salomon
1006 3544 1146 3624 coeptum
1161 3544 1269 3626 templi
1284 3563 1359 3626 opus
1374 3545 1461 3628 uige-

304 3633 411 3702 3simo
433 3655 509 3702 anno
529 3639 683 3720 explicuit.
715 3640 865 3706 celebrato
886 3643 995 3707 deinde
1013 3643 1130 3710 ibidem
1152 3646 1298 3710 sacrificio
1320 3646 1497 3730 dictaque³⁰

333 3737 477 3817 oratione,
493 3759 553 3822 qus
567 3743 716 3823 populum
730 3743 941 3827 templumque
955 3745 1125 3825 benedixit,
1139 3750 1223 3813 Deus
1238 3750 1276 3814 ad
1291 3769 1362 3814 eum
1376 3749 1460 3815 locu-

331 3842 383 3904 tus
398 3843 454 3920 est,
466 3842 647 3910 denuntians
658 3844 731 3924 iore,
744 3845 771 3910 si
783 3847 902 3929 quando
914 3853 1087 3929 peccassent
1098 3869 1133 3915 ac
1144 3851 1246 3916 Deum
1256 3852 1460 3934 reliquissent,

435 4079 639 4151 liumus.
688 4083 1424 4161 15111beg.4181111ug.6301111ceg.8.

381 4299 499 4356 8iudici
522 4318 670 4370 perperam
695 4303 811 4358 mdabat
837 4305 871 4359 de
898 4309 986 4363 Proto
1051 4311 1215 4380 tlnegantes
1243 4315 1271 4368 P
1291 4331 1361 4368 corr.
1390 4321 1417 4369 et
1441 4316 1457 4370 b

382 4386 419 4441 18
437 4385 517 4452 Qucis
534 4386 552 4440 b
572 4388 584 4455 ΙΙ
604 4388 716 4441 Domino
734 4388 858 4443 immensi
875 4391 893 4446 b
954 4393 993 4451 29
1010 4395 1132 4451 uitentur
1154 4398 1183 4452 P
1232 4399 1269 4456 31
1288 4401 1416 4454 Dominus
1434 4400 1457 4467 b,

328 4470 392 4524 item
405 4469 442 4527 32
454 4471 603 4526 Dominum.
