3300 5142
1288 600 1355 648 XIII

238 747 394 821 secunda
419 744 541 843 utique
563 741 682 816 omitti
703 750 870 841 poterat,
893 740 1063 838 quoniam
1085 737 1175 811 alius
1197 737 1296 810 locus
1317 734 1356 808 in

237 893 334 940 nouo
370 864 587 965 scriptorum
611 860 933 936 ecclesiasticorum
955 883 1106 958 corpore
1128 857 1222 930 inter
1243 855 1356 930 libros

238 986 379 1086 spurios
402 982 616 1083 Hieronymi
633 980 797 1081 patebat,
821 981 940 1053 minus
958 977 1059 1052 facile
1076 976 1244 1076 reliquae,
1267 1001 1358 1075 quae

236 1108 273 1180 in
298 1107 417 1204 aliquo
442 1105 566 1178 saltem
590 1102 774 1176 uolumine
795 1099 1015 1200 repetendae
1037 1107 1151 1171 erant.
1179 1121 1219 1170 re
1247 1096 1357 1194 longe

236 1227 435 1326 ponderata
458 1223 612 1322 denique
635 1220 682 1296 ob
712 1247 790 1294 eam
824 1219 935 1293 solam
968 1242 1111 1292 causam
1133 1215 1356 1316 recipiendas

237 1343 461 1434 existimaui,
485 1369 530 1416 ne
553 1343 641 1441 quid
665 1341 762 1439 quod
780 1339 817 1412 in
837 1338 1021 1437 superiore
1040 1335 1198 1411 editione
1217 1344 1358 1410 extaret

236 1467 274 1539 in
297 1491 391 1540 noua
413 1463 685 1538 desideraretur.
716 1461 764 1536 ob
796 1462 945 1565 eandem
967 1484 1110 1534 causam
1132 1455 1278 1531 breuem
1301 1454 1357 1528 ui-

235 1597 310 1659 tam
331 1583 479 1684 Sulpicii
501 1610 547 1658 ex
570 1581 747 1659 Gennadii
777 1582 941 1680 catalogo
972 1577 1134 1652 uirorum
1162 1575 1357 1650 illustrium

235 1706 306 1780 huc
329 1705 550 1778 adiciendam
571 1703 790 1804 putauimus.

275 2659 404 2725 Seuerus
423 2659 581 2743 presbyter
601 2657 800 2743 cognomento
821 2654 991 2738 Sulpicius,
1013 2653 1217 2737 Aquitanicae
1230 2651 1355 2736 prouin-

232 2779 306 2856 ciae,
322 2779 371 2843 uir
385 2796 493 2863 genere
507 2779 539 2843 et
553 2778 730 2844 lilteratura
742 2777 856 2842 nobilis
870 2777 902 2842 et
915 2775 1104 2860 paupertatis
1119 2777 1211 2858 atque
1224 2773 1355 2838 humili·

231 2899 306 2964 tatis
327 2916 429 2964 amore
450 2897 645 2980 conspicuus,
669 2916 756 2962 carus
770 2897 866 2962 etiam
881 2896 1056 2962 sanctorum
1068 2895 1206 2960 uirorum
1225 2892 1354 2958 Martini

232 3017 416 3084 Turonensis
431 3017 564 3101 episcopi
578 3018 609 3083 et
623 3017 747 3082 Paulini
757 3016 909 3094 Nolensis
924 3015 1048 3098 scripsit
1061 3032 1123 3080 non
1136 3013 1356 3079 mntemnenda
1433 3083 1438 3091 ,

230 3139 385 3220 opuscula.
407 3157 480 3204 nam
495 3137 640 3221 epistolas
665 3137 704 3203 ad
730 3154 866 3203 amorem
889 3135 949 3201 Dei
974 3137 1006 3201 et
1020 3136 1231 3217 contemptum
1245 3131 1354 3197 mundi

229 3257 412 3324 hortatorias
423 3258 546 3342 scripsit
559 3256 653 3322 sorori
664 3275 736 3323 suae
747 3257 880 3336 multas,
895 3273 972 3338 quae
987 3257 1018 3321 et
1031 3256 1121 3320 notae
1135 3255 1215 3320 sunt.
1231 3252 1355 3335 scripsit

231 3380 262 3444 et
276 3379 315 3444 ad
330 3377 542 3460 supradictum
555 3377 722 3442 Paulinum
736 3377 892 3442 Nolanum
907 3376 983 3441 duas
997 3377 1029 3441 et
1043 3375 1082 3441 ad
1096 3375 1173 3440 alios
1187 3373 1279 3452 alias,
1295 3373 1349 3438 sed

231 3500 303 3581 qiua
323 3499 356 3564 in
378 3496 533 3581 aliquibus
547 3498 644 3563 etiam
657 3496 821 3563 familiaris
836 3495 1000 3562 necessitas
1015 3496 1130 3561 inserta
1144 3495 1206 3574 est,
1227 3511 1289 3558 non
1303 3493 1351 3558 di·

229 3620 387 3704 geruntur.
411 3619 581 3701 composuit
601 3619 633 3684 et
646 3617 795 3684 chronica.
820 3616 943 3700 scripsit
968 3618 1000 3682 et
1024 3617 1063 3682 ad
1087 3616 1258 3683 multorum
1282 3630 1353 3697 pro·

230 3738 346 3803 fectum
362 3737 462 3803 uitam
476 3736 559 3803 beati
573 3737 702 3803 Martini
715 3736 857 3803 monachi
877 3739 909 3803 et
932 3737 1080 3821 episcopi,
1103 3735 1201 3821 signis
1225 3735 1257 3800 et
1280 3750 1352 3816 pro·

125 3903 128 3912 .
230 3857 323 3944 (ligiis
338 3877 374 3924 ac
388 3859 559 3924 uirtutibus
573 3857 704 3922 illustris
723 3857 801 3922 uiri:
824 3858 856 3922 et
882 3857 1077 3923 collationem
1100 3853 1295 3921 Postumiani
1319 3853 1352 3918 et

229 3976 312 4044 Galli
327 3996 359 4043 se
373 3979 527 4044 mediante
545 3980 577 4043 et
591 3977 692 4043 iudice
713 3978 751 4042 de
775 3977 1003 4044 conuersatione
1017 3976 1235 4043 monachorum
1250 3974 1350 4040 orien-

228 4097 340 4162 talium
364 4098 396 4163 et
420 4097 518 4182 ipsius
543 4096 671 4162 Martini
693 4096 835 4162 habitam
854 4097 888 4163 in
908 4097 1023 4183 dialogi
1037 4098 1168 4180 speciem
1182 4096 1302 4161 duabus
1315 4095 1350 4162 in

228 4217 449 4284 mucisionibus
464 4217 706 4301 comprehendit,
728 4217 762 4282 in
776 4235 906 4298 quarum
920 4218 1019 4301 priore
1038 4216 1131 4282 refert
1145 4235 1199 4282 suo
1213 4218 1352 4300 tempore

227 4338 308 4420 apud
329 4337 547 4403 Alexandriam
571 4336 685 4421 synodo
707 4337 916 4419 episcoporum
943 4337 1112 4417 decretum,
1135 4337 1298 4422 Origenem
1317 4337 1350 4402 et

227 4457 348 4524 cautius
368 4477 387 4524 a
408 4455 596 4540 sapientibus
616 4474 670 4539 pro
684 4456 773 4522 bonis
787 4457 953 4542 legendum
966 4458 997 4522 et
1011 4458 1146 4524 eminus
1160 4455 1352 4542 capientibus
