3300 5142
609 493 722 549 Chron.
741 493 776 556 Π,
796 492 915 552 34-36.
1278 492 1321 558 89

203 647 319 724 filium,
336 649 367 712 et
381 665 435 728 pro
449 648 600 728 potestate
615 649 664 714 sui
679 667 714 714 er
727 647 824 714 nihilo
838 648 872 714 16
885 647 1092 714 substantiam
1106 665 1218 714 nouam
1229 649 1322 729 atquo

202 749 333 816 alteram
357 751 458 816 Deum
471 769 586 816 nonum
601 752 793 834 alterumque
806 752 929 833 secisse:
949 750 1045 816 fuisse
1064 753 1169 816 autom
1188 752 1321 832 tompus,

202 870 261 936 qno
276 852 359 918 filius
373 869 433 918 uon
447 853 565 920 diisset.
588 854 686 938 igitur
700 855 791 920 huius
806 854 882 919 mali
902 873 995 920 eausa
1014 854 1147 937 synodus
1161 854 1243 934 apud
1262 853 1351 918 rii-4

201 975 306 1022 caeam
332 974 367 1021 or
392 957 458 1022 toto
483 957 554 1021 orbe
579 957 782 1034 contrahitur,
805 973 868 1022 ccc
887 957 1040 1038 siquidem
1059 959 1091 1022 et
1110 956 1323 1040 duodeuiginti

180 1059 349 1140 6661666616
370 1060 577 1143 congregatis:
599 1059 674 1125 fides
694 1059 785 1142 plena
804 1061 1019 1136 conscribitur,
1042 1060 1175 1126 haeresis
1189 1059 1322 1124 Arsiana

201 1162 379 1240 damnatur,
402 1162 567 1242 imperator
587 1163 743 1228 decretum
763 1163 931 1246 episcopale
951 1162 1173 1243 complectitur.
1196 1161 1349 1230 Aniauit

200 1264 279 1330 nihil
304 1267 409 1330 666166
434 1283 539 1330 sanam
565 1263 658 1330 tidem
683 1266 849 1330 retractare
874 1266 957 1346 ausi,
979 1285 1012 1330 se
1026 1283 1146 1346 quoque
1159 1267 1320 1346 tamquam

200 1367 429 1448 adquiescentes
443 1386 499 1432 nec
513 1367 598 1432 aliud
613 1368 777 1434 sentientes
792 1368 928 1434 ecclesiis
947 1369 1152 1434 miscuenmt:
1174 1367 1321 1432 manebat

199 1471 305 1534 tamen
317 1470 350 1533 iu
363 1469 536 1550 pectoribus
552 1488 656 1535 eorum
676 1471 804 1536 insitum
819 1472 852 1536 in
867 1471 1033 1537 catholicos
1047 1471 1129 1536 uiros
1144 1471 1265 1548 odium,
1288 1473 1320 1536 ot

164 1595 191 1634 ιο
199 1571 345 1638 aduersus
371 1590 446 1653 quos
471 1573 508 1638 de
533 1572 593 1637 fide
616 1573 786 1654 disceptare
811 1591 872 1638 non
897 1575 1051 1655 poterant,
1075 1592 1125 1638 eos
1145 1573 1320 1638 subornatis

199 1674 426 1740 accusatoribus
440 1675 580 1756 fictisque
595 1675 773 1742 criminibus
788 1677 981 1758 appetebant.

241 1778 349 1859 116666
373 1777 508 1859 primum
533 1777 739 1843 Athanasium
764 1779 968 1844 Alexandriae
993 1780 1183 1861 episcopum,
1216 1778 1370 1846 61666631

199 1880 353 1958 emaum,
369 1879 421 1960 qui
437 1881 518 1961 apud
532 1880 699 1946 Nicaeuam
715 1883 866 1964 synodum
879 1883 1025 1948 diaconus
1039 1881 1190 1958 adfuerat,
1208 1899 1318 1964 aggre-

197 1982 324 2047 diuntur
337 1983 553 2064 absentemque
567 1983 777 2049 condemnant.
802 1985 917 2049 etenim
931 1985 970 2049 ad
984 1984 1131 2060 crimina,
1154 2003 1232 2065 6666
1246 1982 1347 2048 falsie

163 2085 291 2150 6166166
311 2086 537 2168 congesserant,
560 2085 788 2169 aggregabant,
811 2086 893 2166 quod
914 2087 1097 2152 Marcellum
1119 2087 1211 2167 61666
1232 2086 1316 2149 Pho-

197 2187 297 2252 tinum
320 2188 488 2254 haereticos
508 2188 693 2264 sacerdotes,
717 2189 824 2270 synodi
838 2189 952 2253 iudicio
967 2189 1197 2264 condemnatos,
1223 2205 1318 2268 prauo

197 2289 299 2356 studio
313 2291 485 2372 recepisset.
509 2291 561 2356 sed
582 2291 620 2356 16
634 2291 766 2356 Photiuo
787 2291 917 2356 dubium
935 2309 996 2355 non
1016 2292 1083 2356 erat
1096 2290 1207 2354 merito
1221 2289 1345 2354 1616663

197 2393 391 2458 damnatum:
415 2394 447 2458 16
466 2393 611 2458 Μ6666116
631 2393 710 2458 nihil
724 2396 793 2459 tum
808 2394 1003 2459 damnatione
1017 2395 1147 2477 dignum
1161 2394 1318 2474 repertum

196 2495 374 2573 6116166166,
389 2496 581 2578 maximoque
599 2497 626 2561 ei
642 2516 660 2562 6
675 2497 785 2562 studiis
800 2498 937 2578 partium
950 2497 1123 2562 innocentia
1137 2496 1317 2573 accesserat,

161 2599 276 2680 66661
291 2599 412 2664 eosdem
431 2599 501 2664 illos
521 2600 653 2678 iudices,
677 2600 822 2682 aquibus
838 2599 939 2664 fuerat
952 2599 1186 2680 condemnatus,
1208 2586 1317 2664 haere-

195 2701 273 2766 ticos
288 2720 353 2766 esse
366 2720 454 2766 nemo
470 2701 640 2768 dubitabat.
665 2704 800 2768 ceterum
810 2703 936 2768 Arriani
955 2721 1016 2767 non
1035 2703 1091 2767 hos
1104 2703 1207 2784 potius
1222 2716 1345 2783 quaml

194 2803 400 2870 Athanasium
423 2823 577 2869 remouere
599 2805 770 2887 cupiebant.
800 2806 904 2887 itaque
926 2807 1141 2888 imperatorem
1163 2823 1198 2870 oo
1219 2823 1316 2886 66666

194 2907 396 2989 compellunt,
420 2911 455 2972 ut
469 2907 658 2972 Athanasius
673 2908 832 2973 exulatum
847 2910 887 2974 ad
901 2908 1020 2974 Galbae
1035 2908 1220 2972 mitteretur.
1244 2919 1345 2974 mort

192 3009 225 3072 in
258 3009 400 3094 Aegypto
440 3029 537 3074 6666
571 3011 705 3092 episcopi
744 3012 922 3095 congregati
956 3011 1162 3076 Athanasium
1201 3010 1316 3074 iniusto

157 3126 183 3168 ²⁵
192 3113 427 3178 condemnatum
449 3133 514 3178 esse
536 3114 741 3194 pronuntiant.
776 3133 824 3179 res
852 3115 891 3180 ad
913 3112 1146 3178 Constantinum
1168 3111 1315 3178 refertum

192 3213 278 3280 iubet
297 3233 333 3280 ex
355 3217 420 3280 toto
440 3215 512 3280 orbe
532 3216 613 3297 apud
642 3215 800 3281 Serdicam
830 3217 984 3298 episcopos
1013 3216 1193 3299 congregari
1222 3217 1316 3297 61666

166 3323 279 3382 'omne
307 3318 472 3395 iudicium,
509 3336 568 3399 quo
589 3318 779 3384 Athanasius
808 3320 972 3386 damnatus
1001 3318 1315 3396 fuerat,retracta1·i.

291 3502 363 3564 3-5
381 3505 481 3559 Hilarii
493 3505 587 3574 fragm.
601 3505 639 3573 H,
653 3505 690 3560 27

189 3673 230 3726 661
242 3689 272 3727 66
283 3675 369 3730 nihilo
380 3675 408 3730 16
420 3675 598 3730 substantiam
609 3691 705 3730 nouam
716 3679 796 3746 61666
808 3677 922 3730 alteram
938 3677 1023 3731 Deum
1035 3693 1129 3732 nouum
1153 3677 1318 3744 alterumque

191 3758 284 3814 iecisse

241 3848 257 3903 1
276 3849 304 3900 61
317 3847 489 3903 (1616661666
503 3863 533 3903 eo
545 3849 572 3902 P
623 3849 641 3904 2
653 3847 731 3902 deum
740 3849 774 3902 P.
786 3847 1058 3904 iactumDominumb
1070 3852 1083 3917 ΙΙ
1098 3849 1192 3903 faciem
1203 3847 1316 3915 sappla-

188 3932 321 3986 61666666
332 3933 446 3988 Hilario
489 3934 718 4003 ddampnaturP
763 3933 1022 3989 7detrectareconi.
1036 3935 1171 3990 deProto
1217 3931 1255 3988 10
1267 3932 1313 3986 61-

188 4032 292 4072 uersum
305 4019 320 4072 b
368 4020 406 4076 12
418 4019 478 4073 uiro
488 4023 608 4074 sanctum
618 4021 645 4073 P
653 4020 797 4074 distinete:
810 4019 879 4072 iuris
887 4021 1064 4074 consultumb
1113 4019 1150 4075 13
1161 4017 1278 4072 affuerat
1289 4019 1316 4071 P

240 4104 276 4163 15
295 4103 409 4160 fotinum
429 4107 457 4160 P
476 4113 501 4160 ct
520 4107 560 4160 sic
576 4113 673 4174 postea
749 4105 786 4162 19
803 4121 821 4159 6
840 4106 938 4160 studiis
958 4123 983 4175 p.
1001 4105 1154 4160 innocentia
1164 4107 1313 4158 accesserat

186 4191 298 4257 scripsi:
316 4191 431 4246 astudiia
442 4208 467 4260 p.
481 4193 633 4246 iunocentii
644 4195 760 4246 cesserat
779 4192 817 4255 P,
838 4193 957 4247 studium
977 4209 1002 4260 p.
1024 4191 1203 4244 innocentium
1225 4206 1311 4244 accos·

187 4277 286 4330 seratb
345 4276 385 4334 20
401 4277 606 4346 condempnatus
619 4279 855 4348 Petricaacpiuo
905 4276 1120 4344 attemperant
1139 4277 1257 4330 scatebat
1277 4277 1313 4329 de

187 4360 275 4414 Proto
288 4363 329 4428 11,
338 4379 366 4430 p.
382 4367 435 4417 103
458 4366 470 4430 ΙΙ
493 4363 649 4418 athanasius
662 4365 725 4431 (616)
738 4366 766 4420 Ρ
816 4365 855 4424 25
868 4362 1083 4430 Constantinum]
1094 4368 1125 4415 61
1135 4379 1163 4416 a.
1176 4362 1211 4416 de
1222 4363 1313 4416 Proto

188 4445 261 4502 adh.
275 4447 291 4502 l.
346 4447 384 4504 26
403 4449 532 4503 serdicam
545 4450 572 4502 P
