3300 5142
586 535 750 592 Octauius
768 552 789 589 c
808 535 929 592 26-27.
1278 541 1320 605 39

196 695 356 780 negotium
370 693 520 771 credidit,
545 709 646 757 nonne
661 693 693 756 et
706 692 832 776 angelos
848 692 912 758 siue
927 692 1052 777 negotio
1071 693 1178 757 namot
1202 692 1234 757 et
1248 693 1322 758 dae-

195 798 326 864 monas?
342 798 374 862 et
384 796 418 862 in
433 794 594 881 Symposio
610 795 704 860 etiam
719 812 774 859 sno
793 797 939 860 naturam
954 795 1138 860 daemonum
1153 796 1323 879 exprimere

195 901 365 968 conititm?
385 900 457 965 uult
479 900 563 966 onim
585 917 650 965 esse
665 898 874 964 substantiam
898 899 980 964 inter
993 899 1156 964 mortalem
1170 899 1322 964 inmorta-

194 1007 333 1088 lomque,
349 1004 381 1068 id
397 1006 445 1069 est
459 1003 541 1070 inter
554 1021 662 1086 corpus
678 1003 710 1068 et
724 1003 869 1085 spiritum
884 1000 1035 1081 mediam,
1051 1001 1165 1067 terreni
1180 999 1322 1084 ponderis

173 1111 227 1178 eet
242 1108 381 1174 caelestis
402 1106 541 1173 leuitatis
563 1107 752 1173 admixtione
766 1109 951 1186 concretam,
973 1125 1009 1172 er
1030 1127 1090 1190 qua
1104 1106 1209 1171 mouet
1226 1105 1322 1170 etiem

195 1214 285 1293 †uos
299 1209 532 1293 procupidinem
546 1210 670 1289 amoris,
686 1211 718 1274 et
729 1209 806 1275 dicit
820 1209 981 1275 informari
996 1212 1028 1276 et
1041 1210 1138 1276 inlabi
1149 1209 1323 1291 pectoribus
1353 1257 1354 1262 η

195 1314 339 1380 humanis
358 1316 391 1379 et
405 1332 529 1380 sensum
548 1333 673 1380 mouere
693 1314 726 1378 et
739 1314 880 1379 adfectus
900 1313 1014 1399 fingere
1035 1315 1066 1380 et
1081 1313 1220 1378 ardorem
1235 1312 1323 1394 cupi·

197 1416 305 1481 ditatis
320 1416 489 1483 infundere.

240 1519 299 1583 Isti
313 1520 412 1603 igitur
425 1519 541 1603 impuri
556 1519 699 1602 spiritus,
716 1518 899 1598 daemones,
914 1521 951 1584 ut
966 1522 1122 1585 ostensum
1137 1541 1159 1584 o
1173 1520 1290 1604 magis,
1305 1523 1373 1586 aab

73 1645 79 1654 ·
162 1622 388 1705 rophilosopbis
411 1624 442 1688 et
462 1623 639 1701 aPlatoue,
665 1622 724 1686 sub
739 1623 853 1688 statuis
879 1623 910 1687 et
932 1623 1121 1706 imaginibus
1143 1624 1325 1688 consecratis

199 1726 386 1792 delitescunt
402 1728 435 1790 et
448 1725 567 1791 adfiatu
577 1743 633 1791 sno
648 1726 867 1791 anctoritatem
888 1726 977 1808 quasi
996 1726 1166 1809 praesentis
1188 1726 1325 1791 numinis

199 1829 441 1911 consequuntur,
462 1829 538 1894 dum
552 1829 705 1910 inspirant
717 1828 844 1894 interim
858 1831 962 1908 uates,
984 1830 1059 1894 dum
1074 1828 1154 1894 fanis
1169 1829 1325 1894 inmoran-

198 1935 265 2012 tur,
286 1933 361 1997 dum
375 1951 606 2013 nonnumquam
628 1934 768 1997 extorum
789 1931 885 1998 fibras
900 1932 1058 2010 animant,
1081 1933 1187 1997 auium
1202 1932 1326 1997 uolatus

198 2036 388 2120 gubernant,
404 2036 501 2099 sortes
514 2037 639 2118 regumt,
662 2035 786 2100 oracula
801 2034 957 2114 efficiunt,
978 2034 1065 2100 falsis
1079 2035 1221 2118 pluribus
1235 2036 1326 2100 inuo-

164 2157 189 2196 u
199 2140 275 2204 luta.
299 2158 372 2203 nam
387 2139 419 2203 et
432 2137 586 2202 falluntur
600 2139 631 2201 et
645 2138 777 2218 fallunt,
797 2139 834 2203 ut
849 2139 880 2205 et
895 2138 1063 2204 nescientes
1078 2139 1229 2204 sinaeum
1243 2138 1355 2203 ueri-2

198 2244 296 2307 tatem
317 2242 349 2305 et
375 2260 468 2323 quam
483 2241 598 2319 sciunt,
622 2240 655 2305 in
668 2241 873 2323 perditionem
888 2242 937 2307 sui
951 2259 1011 2308 non
1026 2241 1218 2307 confitentes.
1248 2241 1293 2307 sic
1308 2261 1327 2306 a

200 2344 283 2410 caelo
299 2344 441 2410 deorsum
456 2347 588 2429 granant
601 2344 633 2409 et
648 2345 742 2409 aDeo
758 2361 830 2409 uero
846 2343 886 2409 ad
900 2344 1048 2410 materias
1063 2346 1209 2425 auooant,
1225 2345 1326 2410 uitam

199 2448 343 2527 turbant,
363 2465 484 2512 somnos
499 2447 692 2531 inquietant,
714 2447 887 2530 inrepentes
903 2447 1000 2513 etiam
1016 2447 1193 2531 corporibus
1209 2448 1328 2513 occulte

201 2552 236 2615 ut
251 2551 379 2633 spiritus
394 2553 501 2616 tenues
515 2552 638 2616 morbos
649 2551 780 2636 fingunt,
806 2551 924 2616 terrent
938 2552 1071 2630 mentes,
1102 2551 1243 2616 membra
1262 2550 1327 2614 dis-

165 2656 358 2736 mtorquent,
382 2655 419 2719 ut
430 2655 471 2719 ad
482 2654 602 2719 cultum
614 2655 663 2719 sui
678 2657 790 2738 cogant
817 2657 854 2720 ut
868 2654 973 2720 nidore
989 2653 1136 2720 altarium
1150 2653 1201 2719 uel
1215 2653 1327 2718 hostiis

200 2757 352 2838 pecudum
367 2757 514 2842 saginati,
530 2757 667 2822 remissis
683 2775 760 2839 quae
775 2759 1036 2837 constrinxerant,
1063 2775 1184 2824 curasse
1198 2757 1326 2822 uidean-

254 3049 269 3101 1
288 3049 397 3118 angelos
409 3063 466 3101 esse
479 3047 507 3100 in
519 3046 628 3116 negotio
637 3046 740 3101 Vserrcr
757 3049 769 3115 ΙΙ
786 3050 834 3101 aut
845 3047 988 3101 daemonas
1000 3046 1136 3102 Dacians
1196 3049 1215 3104 3
1234 3048 1329 3102 coniti·

200 3137 246 3188 tur
258 3136 300 3188 P:
319 3134 467 3188 connititur
479 3133 539 3187 cdd.
593 3134 611 3191 5
629 3133 769 3186 laeuitatis
782 3133 809 3186 P
832 3134 844 3201 ΙΙ
866 3135 956 3186 mouet
973 3133 1055 3186 etiam
1071 3148 1118 3186 nos
1130 3132 1328 3202 procupidinem

201 3221 241 3284 P,
268 3236 376 3273 manare
398 3219 427 3272 in
447 3235 494 3272 uos
519 3218 718 3287 procupidinem
738 3235 766 3284 r,
793 3221 884 3272 manet
905 3219 988 3272 otiam
1008 3217 1037 3272 in
1059 3235 1105 3271 uos
1126 3235 1203 3287 porro
1234 3219 1329 3289 cupido

201 3305 357 3368 Meursiue,
387 3306 477 3357 monet
489 3303 571 3357 etiam
582 3305 657 3358 nasci
669 3305 835 3374 pruriginem
853 3305 949 3358 amoris
962 3304 1109 3369 Doro-isius,
1137 3307 1227 3359 monet
1247 3306 1329 3360 etiam

201 3408 249 3445 nos
260 3406 380 3459 promere
392 3390 542 3459 cupidinem
552 3389 654 3458 Vonck,
667 3392 732 3458 sort.
742 3394 833 3445 mouet
845 3391 927 3444 etiam
939 3390 968 3444 in
980 3391 1056 3444 nobis
1067 3391 1154 3460 promi
1166 3390 1330 3460 cupidinem

202 3494 234 3532 ex
245 3492 297 3545 quo
314 3479 423 3530 mouent
439 3476 485 3545 (ec.
498 3475 649 3545 daemones)
661 3477 743 3530 etiam
755 3493 863 3546 uesper
875 3476 1025 3545 cupidinem
1036 3477 1135 3532 amoris
1147 3493 1242 3533 censor
1253 3479 1285 3532 in
1296 3479 1329 3532 Z.

202 3562 672 3632 rPnrr.o.earo.rneoz.1e,1re
739 3563 855 3620 dillabi
872 3564 1017 3618 Gelenius:
1045 3565 1101 3618 labi
1118 3566 1161 3620 Pr
1233 3565 1330 3622 9dae·

201 3668 294 3706 mones
305 3651 434 3720 spurium
445 3665 501 3703 coac
517 3652 692 3706 existimabat
707 3651 827 3706 Vrsinus
843 3651 889 3721 (cf.
907 3651 989 3721 Cypr.
1003 3656 1029 3719 4,
1041 3656 1074 3706 3:
1095 3651 1126 3706 hi
1143 3669 1206 3721 ergo
1218 3652 1331 3721 spiritus

204 3738 254 3792 sub
266 3737 367 3791 statuis
379 3739 460 3804 atque
472 3736 638 3806 imaginibus
650 3737 809 3791 consecratis
821 3737 1005 3806 delitescunt),
1024 3738 1072 3792 aad
1089 3738 1163 3793 locus
1175 3739 1331 3792 11οὲ1116111-

203 3824 311 3893 pondus
323 3839 378 3878 eece
389 3822 518 3877 uidetur:
532 3822 581 3876 isti
594 3823 718 3892 spiritus,
731 3823 790 3891 qui,
810 3826 842 3877 ut
853 3827 988 3878 ostensum
1000 3827 1042 3878 est
1054 3839 1071 3878 a
1081 3825 1182 3894 magis,
1192 3823 1332 3878 daemones

203 3915 267 3966 emit
289 3912 301 3978 11
323 3912 460 3963 ostensum
471 3909 560 3978 magis
572 3909 623 3977 Pr,
636 3925 684 3964 eno.
704 3909 836 3963 Gelenius
881 3910 915 3964 10
927 3925 943 3962 a
953 3909 1121 3979 philosophis
1130 3909 1244 3964 inclusit
1252 3908 1331 3962 Heu-

202 4013 290 4052 mann
312 3997 325 4064 11
348 3995 494 4050 consecrati
507 3996 557 4063 Pr,
570 4011 617 4049 eno.
631 3995 793 4050 Bolduinuo
805 4010 839 4049 erc
855 3995 997 4065 Cypriane
1051 3997 1086 4052 11
1100 3995 1259 4050 delitiscunt
1271 3993 1298 4048 P

205 4083 242 4139 12
260 4083 394 4152 inspirant
405 4083 423 4136 i.
435 4085 513 4136 nates
523 4081 672 4136 Dominum
699 4082 866 4151 inspirantur
881 4082 898 4135 i.
917 4082 1026 4136 uatibus
1038 4084 1089 4147 Pr,
1108 4080 1272 4151 inspiranti.
1286 4095 1332 4134 ua-

204 4169 278 4222 tibus
299 4169 466 4237 Heunonn5
493 4168 529 4235 cf.
555 4169 638 4237 Gypr.
652 4169 669 4222 1.
682 4184 704 4223 c.
727 4168 757 4221 bi
778 4168 875 4222 afflatu
896 4183 942 4222 suo
964 4171 1057 4222 uatum
1069 4170 1177 4238 pectora
1197 4166 1332 4236 inspirant

214 4257 227 4320 11
251 4254 323 4307 souis
337 4253 467 4309 Gelonium
515 4254 552 4313 15
564 4257 596 4307 ut
606 4254 709 4309 inPe.
723 4254 741 4309 1.
753 4254 829 4308 sedi
841 4271 875 4308 m.
924 4255 958 4311 17
971 4255 1158 4309 admateriam
1171 4254 1299 4308 (lucetius

206 4340 244 4396 18
262 4356 366 4394 somnos
389 4341 509 4395 Vrsinus
538 4343 584 4408 (ex
609 4341 691 4410 Cypr.
713 4344 739 4405 4,
761 4342 804 4409 4):
828 4355 918 4394 omnes
936 4342 979 4395 Pr
1001 4343 1014 4409 ΙΙ
1035 4340 1195 4395 occultacP
1247 4337 1283 4394 19
1302 4340 1334 4390 ut

205 4428 268 4479 sunt
297 4427 409 4495 spiritus
433 4427 527 4481 Voncb
551 4427 585 4480 L.
607 4427 641 4480 L.
663 4431 700 4482 58
780 4427 818 4483 20
836 4426 961 4480 alterium
991 4426 1035 4481 uel
1057 4427 1142 4481 bostis
1163 4426 1190 4479 P
1206 4439 1251 4492 pr.
1264 4441 1297 4477 nr.

203 4511 239 4566 21
259 4512 378 4564 remissis
390 4513 428 4566 P¹
441 4514 485 4579 (ut
500 4513 581 4582 Cypr.
594 4513 700 4581 babeo:
726 4512 865 4567 remissius
885 4513 912 4566 P
932 4529 1001 4567 corr.
1015 4515 1078 4568 2rn.
1093 4519 1146 4567 etr
