3300 5142
643 542 756 599 Obron.
775 541 797 604 I,
815 537 897 595 4-6.
1306 519 1330 602 Ῡ7

208 699 347 766 Sodomis
368 699 511 764 consedit.
544 699 578 763 id
606 698 752 782 oppidum
782 696 897 762 infame
925 694 1048 775 incolis,
1082 693 1160 758 uiris
1188 693 1221 758 in
1249 691 1332 757 uiros

207 802 408 880 irruentibus,
431 803 521 884 atque
541 802 579 866 ob
599 801 632 866 id
652 801 788 866 inuisum
802 801 866 864 Deo
881 797 975 864 tuisse
988 797 1132 862 traditur.
1165 814 1201 861 eo
1213 795 1361 877 tempo-4

207 907 286 972 stato
306 923 392 990 reges
412 904 583 970 uioinarum
597 904 735 988 gentium
750 901 1007 979 immiserant,
1023 919 1094 965 oum
1107 900 1197 965 antea
1210 899 1332 964 nullum

207 1009 287 1074 inter
311 1007 455 1074 mortales
480 1007 632 1072 certamen
656 1007 774 1072 frdssot.
803 1005 857 1070 sed
881 1004 1044 1069 aduersum
1069 1003 1139 1081 bos,
1173 1001 1227 1084 qui
1251 999 1332 1064 bello

187 1111 309 1177 audoino
327 1110 534 1192 temptabant,
557 1127 642 1194 reges
657 1108 857 1174 Sodomorum
876 1109 909 1172 et
925 1106 1089 1173 Gomorrae
1103 1105 1333 1185 uioinarumqus

207 1213 365 1300 regionum
381 1212 413 1277 in
427 1212 577 1295 proelium
591 1213 768 1294 orumprmt‚
790 1212 949 1294 primoque
962 1210 1081 1292 impetu
1095 1207 1157 1273 fusi
1171 1207 1333 1273 uictoriam

208 1333 384 1382 conoessero.
401 1317 469 1380 tum
484 1334 502 1380 a
515 1315 683 1380 uiatoribus
691 1314 821 1380 Sodoma
835 1313 954 1395 duepta
968 1313 1095 1396 praedae
1106 1311 1246 1376 hostibus
1262 1309 1332 1386 fuit,

208 1419 376 1501 ductusque
391 1416 470 1482 Loth
484 1418 517 1482 in
532 1418 753 1499 captiuitatem.
776 1417 857 1499 quod
872 1435 943 1481 oum
954 1415 1112 1480 Abrabam
1126 1412 1331 1495 oomperisset
1343 1406 1361 1461 5

208 1539 331 1605 propere
341 1520 468 1586 armatis
482 1520 579 1585 seruis
593 1520 672 1598 suis,
688 1537 813 1585 numero
827 1519 970 1584 bedentis
985 1519 1089 1582 deoem
1103 1518 1135 1582 ot
1148 1518 1231 1594 ooto,
1246 1533 1332 1600 roges

174 1649 199 1690 ιο
207 1625 336 1690 uiotoria
350 1623 462 1688 lerooes
477 1624 582 1688 exortos
601 1623 712 1704 praeda
732 1623 885 1705 armisque
904 1623 938 1687 in
958 1621 1065 1705 fugam
1082 1620 1239 1702 oompulit.
1262 1620 1360 1686 tuma

208 1726 460 1792 aMelohisodeoh
475 1725 627 1790 suoerdote
643 1725 818 1791 benedictus
839 1726 900 1802 ost,
923 1725 1082 1806 eidemque
1101 1721 1228 1806 praedae
1249 1721 1331 1787 deoi-

208 1848 274 1895 mas
289 1829 382 1894 dedit.
398 1828 515 1910 reliqua
529 1828 593 1906 his,
617 1828 728 1910 quibus
743 1829 959 1910 menteomni,
974 1826 1117 1892 reddidit.

252 1931 421 1996 Paridem
448 1933 570 2012 tompus
594 1931 734 1996 Abrahae
763 1933 847 1996 Deus
876 1931 997 1995 loeutus
1024 1932 1088 2007 est,
1122 1921 1364 2011 multiplicor-⁸

209 2036 342 2117 dumque
362 2051 464 2099 samon
484 2034 563 2112 eius,
587 2034 667 2098 siout
686 2052 790 2099 arenas
805 2034 899 2099 maris
914 2034 1077 2116 stellasque
1092 2033 1181 2111 eseli,
1204 2047 1334 2113 spopon-

176 2137 271 2202 ndit:
293 2135 546 2220 peregrinumque
568 2137 633 2201 eius
653 2155 755 2202 semen
774 2136 914 2200 futurum
935 2136 1125 2218 praedictum
1145 2153 1180 2199 ao
1199 2135 1334 2216 posteros

210 2241 244 2305 in
264 2239 370 2305 hostili
393 2240 456 2304 solo
477 2259 530 2322 per
551 2240 786 2323 quadringentos
808 2257 901 2304 annos
922 2238 1038 2303 latinos
1059 2238 1236 2315 seruitium,
1265 2236 1335 2318 post

210 2343 346 2407 libertati
368 2343 578 2408 restituendos.
602 2343 676 2407 tuno
698 2342 726 2406 oi
747 2343 838 2424 utque
859 2342 946 2406 uxori
967 2341 1032 2406 eius
1054 2341 1221 2405 adiectione
1243 2338 1362 2403 uniusn

210 2447 330 2511 litterae
344 2463 453 2510 nomen
467 2446 672 2511 inmutatum:
686 2446 731 2510 ita
745 2463 825 2510 nuno
840 2463 875 2509 er
889 2445 1007 2509 Abram
1021 2443 1194 2520 Abraham,
1209 2461 1245 2507 ex
1260 2439 1334 2506 Sara

210 2548 299 2614 Sarra
326 2548 446 2613 dieitur.
476 2549 563 2613 ouius
585 2548 709 2631 quidem
736 2548 781 2612 rei
807 2567 867 2612 non
894 2548 982 2612 inane
1003 2547 1184 2631 mysterium
1206 2563 1266 2611 uon
1287 2545 1334 2608 ost

175 2651 301 2719 oohuius
316 2651 414 2734 operis
428 2668 582 2733 exponere.
605 2651 710 2715 eodem
725 2651 860 2732 tempore
875 2651 1016 2715 Abrahae
1030 2651 1079 2714 lex
1094 2647 1362 2713 oiroumoisionis3

209 2754 355 2837 impositu
368 2755 431 2831 est,
453 2755 518 2819 orat
533 2754 561 2818 ei
575 2755 679 2819 autem
694 2771 729 2818 ex
743 2754 854 2818 aneilla
868 2753 951 2818 filius
966 2753 1108 2817 Ismahol.
1138 2753 1170 2816 et
1184 2770 1255 2816 oum
1269 2750 1335 2832 ipso

210 2857 289 2922 esset
303 2874 450 2922 annorum
465 2857 602 2933 eentum,
626 2873 700 2920 uror
719 2857 823 2921 eutem
843 2856 908 2920 eius
928 2855 1106 2940 nonaginta,
1130 2853 1269 2918 futurum
1290 2851 1335 2916 ais

210 2959 311 3025 filium
332 2960 417 3024 Isaao
437 2960 520 3024 Deus
539 2959 714 3041 polluatur,
738 2959 790 3041 qui
817 2979 887 3023 oum
913 2958 1031 3023 duobus
1058 2957 1176 3041 angelis
1200 2957 1239 3021 ad
1264 2974 1335 3020 enm

210 3063 342 3128 uenerat.
365 3063 435 3127 inde
456 3062 619 3127 Sodomam
633 3062 722 3126 missi
741 3062 842 3145 angeli
856 3062 936 3125 Loth
950 3061 983 3127 in
996 3061 1084 3143 porta
1098 3060 1252 3124 sedentem
1266 3075 1364 3139 rep-5

176 3166 361 3250 repereramt.
384 3183 460 3248 quos
485 3183 556 3229 oum
581 3165 648 3242 ille,
671 3164 807 3229 hominos
831 3165 1018 3242 existimans,
1044 3162 1176 3244 hospitio
1202 3161 1336 3243 roooptos

315 3373 415 3428 2Gon.
437 3371 481 3427 14.
520 3371 556 3426 13
574 3369 638 3424 Gen.
660 3369 696 3427 15
715 3370 743 3422 et
762 3367 806 3425 17.
844 3368 882 3424 23
900 3368 964 3423 oen.
985 3367 1029 3425 18.
1066 3368 1105 3426 25
1122 3367 1187 3422 Gen.
1209 3367 1253 3423 19.

264 3560 412 3616 2Domino
435 3560 450 3613 b
514 3558 626 3615 3ersnt
646 3574 705 3612 oum
726 3558 755 3611 b:
786 3560 864 3612 erant
883 3557 1038 3612 inmortales
1055 3573 1114 3610 oum
1135 3557 1163 3610 P
1226 3554 1336 3614 baodo-

212 3662 285 3700 mum
296 3648 324 3699 et
334 3661 484 3715 gomorrum
491 3643 519 3698 P
523 3665 533 3712 ‚·
546 3643 723 3707 Sodomorum,
735 3643 951 3699 Gommoreorum
963 3644 993 3710 b;
1006 3641 1167 3698 Gomorrbae
1178 3642 1248 3696 coni.
1267 3640 1335 3693 Vor-

211 3734 293 3800 ato'uo,
307 3731 364 3786 coll.
373 3732 522 3799 interprete
532 3729 651 3783 Graeco:
664 3729 790 3798 βασιλεὺς
800 3725 947 3799 Σοδόμων,
956 3727 1083 3797 βασιλεὺς
1094 3725 1239 3800 Γομόρρας
1244 3725 1335 3794 (Sodo-

212 3818 339 3871 mitorum
351 3819 378 3870 et
390 3815 626 3872 Gomorrhaeorum
643 3814 760 3869 conoide
773 3815 872 3883 Proto)
892 3816 904 3882 ΙΙ
925 3815 1124 3882 uicinammque
1141 3812 1247 3866 urbium
1265 3811 1334 3864 ooui.

213 3903 336 3958 Dromos
400 3901 598 3968 duiotoriaP;
611 3907 640 3954 at
653 3901 687 3967 cf.
702 3905 726 3969 1,
739 3903 814 3967 345
872 3900 908 3956 11
921 3899 1122 3954 docimasboed
1133 3904 1200 3952 onte
1210 3894 1335 3965 praedae:

212 3989 303 4044 om.P
356 3987 392 4044 13
405 3987 560 4041 Dominusb
614 3986 650 4045 15
662 3985 827 4055 praedictum
838 3985 986 4039 futurumb
1039 3982 1337 4053 16postP:posteab

266 4074 302 4130 18
321 4073 484 4127 inmutatum
503 4071 529 4126 P
545 4087 613 4126 corr.
635 4073 647 4140 11
667 4087 697 4125 er
715 4071 814 4125 Abram
825 4071 943 4126 Abraam
956 4071 1079 4125 Draoim
1100 4070 1113 4136 ΙΙ
1136 4084 1166 4122 er
1178 4067 1245 4121 Sara
1256 4067 1338 4121 Sarra

214 4159 359 4230 Siyouiue:
378 4175 409 4213 er
430 4158 501 4212 sarai
522 4174 583 4212 sara
603 4159 646 4212 Pb
652 4177 661 4226 ,·
680 4158 714 4225 of.
739 4157 834 4212 Genea.
854 4161 896 4225 17,
914 4161 932 4210 5
948 4163 974 4211 ot
986 4160 1020 4210 15
1032 4171 1066 4210 ex
1082 4156 1225 4223 interpret.
1238 4154 1335 4218 LXX,

213 4245 329 4315 Aliquot.
343 4243 592 4311 deoiuDeo'XVI,
604 4245 652 4312 26,
665 4245 703 4297 25
749 4242 1120 4312 211smae1ouipseesse1³
1159 4240 1336 4297 boariorum

212 4329 267 4384 fera
284 4331 340 4400 (uel
350 4332 444 4400 propa)
456 4331 561 4385 centum
574 4329 643 4384 noui.
657 4329 692 4384 de
704 4330 794 4384 Proto
846 4329 885 4386 23
903 4329 1033 4382 Dominus
1050 4328 1066 4381 b
1085 4328 1098 4395 ΙΙ
1117 4343 1176 4382 oum
1188 4325 1290 4380 duobus
1303 4325 1333 4376 b:

215 4413 315 4471 dnobus
329 4417 370 4484 P,
391 4423 421 4470 ut
438 4433 465 4470 u.
484 4415 551 4470 Gen.
566 4421 609 4484 18,
631 4417 651 4467 2
667 4417 847 4485 apparuerunt
864 4415 890 4469 ei
910 4417 982 4468 tres
1000 4412 1053 4466 uiri
1067 4414 1170 4467 stantes
1181 4427 1260 4481 propo
1270 4425 1337 4464 eum.

267 4501 306 4558 24
324 4501 430 4556 sedente
444 4502 471 4556 P
490 4503 502 4570 ΙΙ
522 4501 713 4570 reperieruntb
