3300 5142
1284 550 1325 600 IX

189 727 231 790 ut
252 711 454 787 Eleeninios
482 709 655 802 Cererem,
692 709 857 809 Plerypas
889 708 1060 800 Matrem,
1103 705 1325 805 Epidaurios

189 832 466 930 Aesculapium,
496 827 695 906 Chaldaeos
718 829 868 921 Belum,
891 832 1062 902 Astarten
1084 823 1204 928 Syros,
1226 825 1323 900 Dia-

192 979 278 1028 nam
304 951 495 1043 Tauricos,
525 947 653 1025 Gallos
674 950 914 1040 Mercurium,
956 948 1169 1024 uniuersa
1190 946 1344 1021 Roma,

188 1097 270 1165 nos,
295 1071 358 1145 ubi
381 1071 666 1170 interpretantur
683 1071 857 1145 uniuersa
876 1095 925 1144 sc.
944 1094 1068 1158 sacra,
1094 1067 1324 1142 substantiuo

189 1219 236 1268 ex
261 1191 381 1266 uerbis
403 1191 473 1265 illis
496 1190 604 1289 longe
628 1190 798 1265 diiunctis
821 1214 1003 1264 sacrorum
1035 1189 1125 1263 ritus
1156 1189 1323 1287 repetito.

190 1338 273 1386 cum
310 1324 431 1386 tamen
463 1311 668 1385 membrum
693 1311 774 1384 deos
803 1310 914 1384 colere
934 1310 1131 1406 municipes
1153 1311 1324 1408 proxime

188 1434 394 1523 antecedat,
422 1431 544 1531 potius
568 1443 818 1530 exspectares:
854 1429 1102 1504 uniuersorum
1131 1454 1179 1504 sc.
1203 1430 1322 1530 genti·

187 1554 276 1628 lium
295 1555 383 1627 deos
400 1552 583 1626 Romanos
606 1554 734 1643 colere,
763 1562 803 1624 ut
820 1563 876 1625 est
898 1578 931 1650 p.
950 1554 1009 1642 10,
1030 1554 1051 1624 3
1070 1550 1321 1625 uniuersorum

185 1675 344 1773 pentium
366 1698 474 1748 sacra
494 1674 704 1770 suscipiunt.
739 1672 860 1772 aptius
884 1681 1004 1745 tamen
1028 1670 1150 1745 uisum
1175 1683 1230 1745 est
1252 1698 1320 1746 rou·

186 1798 285 1868 mina
320 1805 403 1867 ante
438 1793 609 1868 uniuersa
643 1785 811 1892 supplere
847 1793 934 1891 (nisi
958 1791 1059 1865 malis
1090 1793 1161 1866 hoc
1192 1791 1321 1865 ordine

187 1915 359 1990 uniuersa
393 1915 561 2004 numina,
601 1913 771 2012 quoniam
808 1914 926 1987 codex
961 1913 1168 1987 uniuersam
1203 1911 1320 2011 prima

188 2061 297 2108 manu
319 2033 465 2133 habet),
491 2035 591 2132 quod
614 2059 691 2107 uoc.
722 2044 874 2134 propter
912 2033 1117 2107 litterarum
1148 2031 1322 2106 similitu-

188 2154 311 2228 dinem
333 2154 502 2228 facillime
524 2154 644 2228 omitti
667 2154 797 2254 potuit.
821 2178 889 2228 nec
910 2155 1101 2227 ferendum
1123 2152 1321 2227 uidebatur

187 2276 285 2373 quod
308 2274 477 2374 deinceps
500 2274 652 2372 legitur:
679 2277 731 2349 sic
754 2298 874 2348 eorum
893 2287 1048 2372 potestas
1072 2285 1104 2348 et
1126 2275 1321 2348 auctoritas

187 2399 293 2470 totius
317 2396 410 2469 orbis
433 2396 586 2470 ambitus
609 2395 815 2492 occupauit,
841 2422 912 2493 quo
936 2396 973 2469 ih
1001 2394 1098 2486 locu,
1137 2395 1235 2493 quod
1264 2394 1317 2468 rei

186 2516 319 2589 ueritas
342 2515 531 2607 suadebat,
557 2516 727 2590 coelitum
750 2518 995 2606 correximus3
1023 2515 1102 2590 leue
1124 2517 1257 2588 uitium
1279 2515 1317 2588 in

186 2637 265 2711 cod.
289 2647 409 2709 ortum
433 2647 488 2710 est
511 2662 558 2710 ex
581 2637 846 2710 adsimilatione
868 2662 950 2711 cum
974 2636 1228 2710 terminatione
1253 2663 1321 2709 an-

186 2757 428 2830 tecedentium
465 2755 778 2830 substantium-um
820 2757 1021 2832 auctoritas
1057 2757 1171 2830 totius
1208 2757 1317 2830 orbis.

237 2876 280 2949 In
319 2876 439 2950 uerbis
472 2903 563 2975 quae
603 2889 750 2951 exstant
781 2903 810 2951 c.
832 2882 915 2968 7,4
950 2869 1002 2952 ‘ut
1031 2875 1183 2952 Parthos
1211 2879 1320 2976 sipnu

184 3008 400 3094 repetamus,
436 2997 598 3070 dirarum
622 2999 877 3095 inprecationes
905 2993 1057 3072 Crassus
1086 3011 1116 3072 et
1137 2999 1266 3072 meruit
1289 3009 1322 3070 et

185 3101 313 3190 inrisit'
337 3117 457 3191 minus
494 3144 560 3190 nos
596 3119 713 3192 mouit
743 3118 937 3192 insolentia
967 3119 1248 3192 constructionis
1278 3117 1315 3190 in

186 3238 328 3312 duobus
351 3239 421 3314 illis
444 3240 660 3314 accusatiuis
683 3241 744 3338 (cf.
765 3239 877 3338 Verg.
901 3240 991 3314 Aen.
1015 3237 1099 3329 Vll,
1127 3242 1197 3312 606
1225 3235 1317 3312 Par-

186 3359 327 3457 tltosque
344 3386 522 3459 reposcere
538 3363 661 3460 sipoto)
681 3388 789 3460 quam
808 3361 982 3461 temporis
997 3361 1196 3460 praesentis
1215 3386 1317 3450 nsua,

185 3477 247 3577 qui
261 3481 469 3579 intellegere
483 3508 557 3554 non
574 3484 769 3580 possimus,
788 3507 861 3579 quo
878 3481 1043 3555 modain
1061 3480 1123 3555 tali
1139 3480 1318 3555 relatione

185 3602 230 3675 de
243 3628 285 3676 re
300 3602 630 3700 temporeAugusti
645 3602 739 3675 facta
746 3601 927 3677 Minucius
943 3614 1141 3698 repetamus
1157 3601 1318 3676 scribere

183 3720 353 3820 potuerit.
370 3747 480 3820 quare
499 3722 770 3796 emendauimus
784 3735 1024 3819 repeteremus,
1045 3732 1085 3795 ut
1103 3721 1212 3796 estin
1232 3746 1314 3794 con·

182 3842 294 3916 traria
317 3841 510 3916 sententia:
547 3853 587 3916 ut
614 3839 852 3940 Traspmenus
873 3841 1118 3917 Romanorum
1139 3841 1319 3938 sanquine

183 3973 215 4035 et
231 3963 348 4036 maior
366 3975 452 4036 esset
470 3975 500 4035 et
519 3960 673 4054 decolor,
697 3962 833 4059 spreuit
847 3962 1005 4062 uupuria
1017 3959 1229 4035 Flaminius.
1254 3987 1316 4061 pa-

182 4081 271 4156 riter
289 4107 368 4181 cap.
381 4085 441 4172 30,
462 4084 482 4154 3
504 4107 586 4155 cum
596 4080 732 4155 Vrsino
748 4083 964 4180 scripsimus
983 4083 1105 4157 merito
1124 4082 1188 4156 ei..
1209 4107 1233 4154 o
1247 4107 1315 4179 pa·

181 4203 339 4276 rentibus
353 4204 509 4300 insontes
523 4201 808 4293 immolabantur,
831 4202 1017 4277 blanditiis
1036 4214 1066 4276 et
1085 4200 1203 4276 osculo
1221 4227 1316 4276 com·

174 4321 351 4420 primente
377 4323 560 4420 aupitum,
595 4348 639 4396 ne
659 4322 796 4418 flebilis
830 4323 944 4397 leostia
976 4322 1314 4397 immolaretur:

182 4468 255 4541 quo
279 4443 428 4541 quidem
451 4443 489 4516 in
512 4442 593 4517 loco
611 4442 809 4516 Minucium
830 4443 936 4517 unius
955 4443 1095 4516 litterae
1113 4443 1316 4516 adiectione
