3300 5142
562 528 727 584 Octauius
745 543 766 582 c.
786 526 905 586 13-15.
1258 528 1298 594 19

171 686 203 750 et
223 684 260 748 in
288 683 463 751 incredibili
483 703 592 750 uerum
612 685 644 750 11
657 684 691 750 in
705 683 870 750 uerisimili
885 681 1090 749 mendacium.
1113 682 1217 764 itaque
1237 697 1327 765 quoa

172 787 294 870 saepius
316 787 600 853 adseumationibus
622 787 765 866 credunt,
795 805 831 852 eo
855 785 1045 869 frequentius
1066 784 1298 869 aperitioribus

172 892 360 974 arguuntur:
392 891 438 956 sic
463 891 591 956 adsidue
621 891 797 956 tomeritate
825 889 944 972 decepti
972 889 1096 972 eulpam
1118 887 1226 954 iudicii
1248 887 1298 954 sui

170 993 361 1060 transferunt
380 993 421 1059 ad
441 994 552 1060 incerti
572 994 757 1076 querellam,
787 993 824 1057 ut
845 993 1002 1058 damnatis
1022 991 1164 1058 omnibus
1186 991 1298 1056 malint

148 1097 314 1163 runinersa
335 1098 520 1182 suspendere
541 1116 634 1180 quam
657 1097 696 1161 de
717 1095 889 1164 fallacibus
904 1097 1050 1162 iudicare.
1088 1096 1187 1181 igitur
1208 1094 1325 1165 nobieo

170 1199 395 1282 prouidendum
412 1201 473 1279 est,
496 1219 535 1266 ne
549 1200 619 1266 odio
633 1199 804 1266 identidem
826 1218 1001 1266 sermonum
1024 1200 1163 1265 omnium
1178 1199 1297 1265 labore·

170 1321 240 1368 mus
254 1304 317 1382 ita,
340 1304 376 1368 ut
390 1303 423 1368 in
438 1304 662 1369 execrationem
677 1303 829 1370 etodium
847 1303 1008 1370 hominum
1022 1304 1161 1386 plerique
1175 1302 1297 1386 simpli·

171 1406 266 1470 ciores
278 1406 451 1472 efferantur.
467 1425 540 1472 nam
554 1407 677 1472 incaute
689 1406 805 1470 creduli
820 1406 1103 1472 circumueniuntur
1117 1407 1156 1472 ab
1170 1407 1211 1471 iis
1222 1423 1298 1489 quos

171 1508 264 1574 bonos
279 1511 481 1592 putauenmt:
497 1528 568 1574 mox
584 1527 684 1575 errore
695 1509 850 1575 consimili
865 1509 928 1574 iam
940 1511 1088 1592 suspectis
1104 1510 1247 1576 omnibus
1261 1511 1298 1575 ut

136 1612 326 1694 roimprobos
341 1615 485 1679 metuunt
500 1613 595 1678 etiam
610 1630 686 1695 quos
701 1613 835 1695 optimos
845 1613 958 1679 sentire
969 1614 1144 1696 potuerunt.
1160 1632 1215 1678 nos
1226 1621 1325 1696 pro-l

172 1715 243 1782 irrde
259 1716 400 1794 solliciti,
416 1717 498 1799 quod
512 1716 669 1798 utrimque
683 1716 766 1781 omni
782 1716 819 1778 in
831 1716 954 1800 negotio
970 1715 1138 1782 disseratur
1153 1717 1184 1780 et
1199 1735 1235 1782 ex
1251 1717 1298 1782 al-

171 1821 238 1884 tera
252 1821 340 1902 parte
359 1820 539 1902 plerumque
560 1819 689 1884 obscure
708 1819 751 1883 sit
770 1819 901 1898 1111111,
925 1837 961 1884 ex
981 1819 1079 1885 altero
1100 1819 1198 1884 latere
1218 1819 1299 1884 mira

172 1922 339 2000 subtilitas,
362 1942 441 2005 quae
462 1939 691 2003 nonnumquam
715 1922 857 1988 ubertate
885 1922 1006 1988 dicendi
1029 1922 1122 1988 fidem
1144 1923 1298 1988 confessae

170 2024 358 2107 probationis
372 2025 530 2103 imitetur,
546 2025 712 2108 diligenter
727 2026 877 2106 quantum
897 2027 999 2109 potest
1013 2026 1137 2110 singula
1150 2027 1298 2110 pondere·

136 2157 161 2195 n
170 2149 250 2208 mus,
266 2130 302 2193 ut
312 2129 451 2212 argutias
466 2129 591 2211 quidem
606 2126 742 2208 laudare,
754 2147 791 2194 ee
805 2147 877 2194 uero
893 2148 970 2211 quae
981 2131 1065 2194 recte
1076 2131 1158 2208 sunt,
1175 2130 1297 2215 eligere,

170 2232 308 2316 probare,
325 2233 477 2316 suscipere
492 2232 655 2315 possimus.

212 2335 357 2414 Decedis,
372 2335 474 2418 inquit
488 2335 647 2413 Caecilius,
670 2334 771 2401 officio
786 2335 897 2401 iudicis
911 2335 1064 2422 religiosi:
1079 2355 1152 2402 nam
1163 2336 1298 2419 periniu·
1311 2337 1349 2401 11

170 2439 253 2504 rium
268 2441 316 2504 est
329 2438 411 2504 uires
426 2440 458 2524 te
473 2437 603 2504 actionis
618 2457 705 2504 meae
720 2439 909 2524 intergressu
930 2439 1134 2524 grauissimae
1157 2440 1298 2522 dispute-

170 2541 265 2608 tionis
288 2541 472 2626 infringere,
496 2560 567 2607 oum
587 2540 737 2608 Octauius
766 2543 889 2628 integra
917 2544 948 2610 11
963 2543 1094 2609 inlibata
1107 2544 1219 2609 debeat
1234 2543 1298 2608 sin·

135 2671 162 2711 n
171 2644 254 2730 gula,
271 2646 298 2710 si
309 2647 420 2728 potest,
434 2645 576 2711 refutare.
592 2645 630 2709 Id
641 2646 722 2729 quod
734 2646 916 2724 criminaris,
933 2647 1069 2729 inquam,
1082 2645 1115 2711 in
1126 2653 1326 2726 commune,2

170 2749 230 2814 nisi
245 2748 351 2827 fallor,
374 2749 578 2832 conpendium
592 2749 725 2830 protuli,
748 2751 785 2814 11
800 2750 940 2816 examine
961 2751 1139 2833 scrupuloso
1160 2751 1298 2816 nostram

170 2851 353 2917 sententiam
378 2871 439 2917 non
465 2853 655 2934 eloquentiae
679 2855 816 2929 tumore,
853 2855 906 2918 sed
932 2873 1035 2919 rerum
1060 2853 1198 2934 ipsarum
1223 2852 1298 2918 soli-

170 2954 268 3020 ditate
282 2955 446 3034 libremus,
476 2974 531 3021 111
546 2955 715 3035 euocanda,
747 2956 828 3038 quod
843 2956 993 3038 quereris,
1024 2955 1142 3021 diutius
1156 2956 1297 3033 intentio,

170 3078 240 3123 oum
269 3060 335 3124 toto
365 3059 488 3124 silentio
511 3059 604 3124 111111
630 3059 856 3142 responsionem
882 3059 1006 3125 Ianuari
1031 3059 1128 3124 nostri
1154 3058 1218 3123 iam
1243 3077 1297 3143 ge·

134 3162 291 3226 1111111111
306 3163 420 3228 andire.

211 3267 253 3330 Et
264 3264 426 3329 Octauius:
442 3266 552 3330 Dicam
567 3267 720 3348 equidem,
736 3269 772 3331 11
783 3268 887 3349 potero
903 3285 957 3348 pro
973 3265 1103 3344 uiribus,
1119 3265 1150 3329 et
1160 3263 1296 3330 adniten-
1310 3269 1349 3332 11

169 3368 243 3433 dum
259 3368 318 3432 tibi
333 3386 455 3433 mecum
471 3371 527 3447 est,
544 3370 580 3432 ut
594 3369 801 3435 cormaiomm
818 3369 1046 3434 amarissimam
1068 3368 1172 3433 labem
1187 3367 1296 3433 uerbo·

222 3554 237 3609 1
251 3556 279 3606 et
289 3553 440 3608 incredibili
450 3555 501 3622 Pr,
512 3571 559 3608 cor.
570 3555 732 3610 Baldninne
752 3558 764 3624 11
784 3556 963 3610 uerisimileP
999 3556 1018 3613 3
1029 3555 1170 3610 iudiciisui
1182 3556 1296 3624 scripsi:

168 3639 265 3693 iudicis
277 3641 329 3708 Pr,
339 3639 432 3694 iudicii
449 3642 601 3705 Worocrnc,
612 3642 714 3696 iudices
724 3643 878 3712 Maure-inq
891 3644 925 3710 cs.
950 3643 1085 3711 Wopkens
1096 3644 1128 3698 in
1140 3643 1219 3696 Miec.
1238 3642 1296 3696 Oba.

168 3727 206 3794 X,
218 3730 258 3782 28
269 3733 296 3781 n
307 3727 458 3782 Heumann
480 3729 545 3796 VII,
563 3732 621 3783 268
667 3729 863 3797 dquaerellam
878 3730 918 3794 P,
938 3728 1074 3797 querelam
1090 3745 1106 3782 1·
1129 3731 1140 3796 ΙΙ
1163 3727 1297 3782 damnatis

167 3812 337 3882 opinionibus
357 3813 496 3881 In'ndner,
520 3814 659 3883 ampliatis
679 3815 801 3869 omnibus
818 3815 960 3870 Menrea'us
977 3816 989 3884 11
1004 3815 1115 3868 mollint
1127 3815 1155 3868 P
1197 3812 1297 3869 titudi-

168 3899 227 3953 dem
238 3900 388 3968 Dombart5
407 3903 442 3968 cs.
460 3901 572 3954 Handr'i
595 3902 711 3956 Turseli.
734 3905 760 3970 3,
782 3905 834 3955 177
891 3901 1073 3958 Sefferrmtur
1091 3899 1236 3966 Daunius,
1267 3905 1297 3953 at

168 3985 311 4040 efferantur
323 3992 395 4041 scete
406 3988 495 4041 tuitus
507 3993 546 4040 cst
555 3988 653 4041 Haum.
668 3988 726 4042 coil.
736 3988 817 4041 Irinii
829 3990 853 4050 5,
872 3990 919 4055 27,
933 3991 983 4054 10;
1005 3986 1068 4040 add.
1084 3987 1148 4040 Diu.
1163 3988 1209 4054 33,
1222 3988 1297 4050 29,1

179 4075 191 4139 11
207 4087 269 4125 nam
280 4071 343 4126 durn
355 4072 461 4126 incaute
473 4073 626 4127 Heumann
641 4075 655 4141 11
671 4073 705 4126 ab
717 4072 761 4126 his
774 4074 802 4127 P
812 4079 839 4126 et
851 4073 911 4126 cdd.
961 4073 996 4129 11
1016 4073 1089 4126 omni
1100 4073 1129 4125 in
1141 4087 1205 4126 noe:
1224 4072 1296 4125 omni

168 4157 220 4224 Pr,
232 4157 345 4212 inomni
367 4158 485 4214 Vrsinus
538 4160 575 4216 12
594 4176 625 4213 ex
644 4160 732 4213 altera
748 4159 817 4213 mira
827 4159 957 4223 Vrsinus,
977 4176 1008 4212 ex
1020 4159 1106 4212 altera
1123 4158 1210 4211 lateat
1227 4158 1296 4214 mira

173 4245 311 4298 Woroerue
358 4245 395 4303 19
405 4245 500 4300 debeat
509 4245 768 4313 Wopkena:habeat
777 4247 819 4300 Pr
864 4246 1029 4302 tonsurare
1040 4244 1198 4299 Heraldns:
1219 4261 1295 4313 repu-

167 4331 227 4384 tare
238 4331 274 4399 P,
286 4331 431 4400 reputarir
494 4331 533 4389 23
545 4332 679 4400 quaereris
697 4333 725 4386 P
743 4334 755 4401 ΙΙ
775 4335 835 4385 tuto
858 4332 967 4386 silentio
987 4332 1139 4386 Heumann
1208 4331 1246 4388 26
1265 4333 1297 4384 ut

167 4418 259 4486 potero
276 4417 409 4483 Wonero,
438 4425 537 4472 contra
557 4418 725 4472 Heumanno
745 4434 792 4487 pro
816 4417 919 4472 uiribus
941 4417 1087 4472 delendum
1113 4417 1262 4472 uidebatur

169 4502 207 4559 27
226 4502 412 4558 eomuitiornm
424 4504 452 4558 P
471 4516 540 4559 corr.
564 4506 596 4558 in
613 4504 792 4559 conuiciorum

1045 4591 1089 4653 2*
