3300 5142
666 536 771 606 Epist
791 536 828 589 11.
1237 541 1302 605 229

179 698 259 756 bunt.
282 695 356 756 nihil
371 713 438 771 ergo
452 696 606 771 uirginitas
619 696 682 756 sola
695 695 837 769 proficiet,
855 711 928 770 quae
942 696 1074 757 caelestis
1088 698 1169 772 regni
1184 696 1304 772 gloriam
1354 751 1359 766 ,

180 802 289 873 sperat,
304 799 362 859 nisi
376 801 406 859 et
419 799 493 859 illud
507 798 640 859 habuerit
653 799 700 858 oni
714 801 852 873 perpetua
865 799 928 858 uita
942 799 1133 873 promittitur,
1154 815 1204 874 per
1219 817 1304 874 quam

180 901 311 962 caelestis
324 901 406 976 regni
420 902 576 976 praemium
590 901 760 976 possidetur.
776 903 844 960 ants
858 901 953 961 omnia
967 919 1032 977 ergo
1047 902 1213 976 pudicitiam
1228 903 1303 962 inte·

180 1005 372 1078 gritatemque
385 1004 567 1064 sernentibus
581 1006 611 1064 et
625 1004 687 1063 eius
701 1004 956 1064 remunerationem
977 1022 994 1064 e
1014 1005 1066 1064 Dei
1081 1007 1224 1080 aequitate
1239 1021 1303 1078 spe·

158 1107 310 1166 arantibus
324 1107 521 1166 mandaterum
536 1109 605 1166 sunt
623 1106 808 1166 emtodieuda
825 1109 990 1181 praerepta,
1013 1125 1048 1168 ne
1062 1109 1201 1183 gloriosae
1216 1106 1303 1167 easti-

179 1210 250 1270 tatis
264 1213 293 1268 et
307 1209 497 1268 continentiae
511 1210 592 1269 labor
612 1209 643 1268 in
657 1209 770 1269 irritum
784 1209 948 1269 deducatur.
972 1227 1058 1284 supra
1071 1212 1236 1270 mandatum
1256 1210 1303 1272 uel

181 1315 362 1387 praeceptum
377 1329 438 1372 esse
452 1311 649 1387 uirginitatem
663 1311 825 1386 rapiemur
840 1312 903 1387 lege
917 1313 1015 1372 nullus
1030 1314 1152 1388 ignorat,
1167 1315 1303 1389 Apostelo

182 1415 305 1474 dioents:
328 1417 368 1475 de
400 1415 610 1490 uirginibus
639 1417 760 1474 autem
788 1419 1026 1490 praeceptum
1058 1418 1202 1476 Domini
1233 1435 1304 1477 non

180 1518 309 1590 habeo,
332 1517 528 1577 eonsilium
549 1520 668 1576 autem
690 1519 740 1577 do.
763 1535 827 1577 oum
854 1535 920 1592 ergo
945 1519 1112 1579 obtinendae
1126 1519 1304 1594 uirginitatis

146 1620 330 1680 1⁰consilium
354 1621 418 1692 dat,
440 1638 497 1681 nen
518 1623 699 1694 praeeeptum
725 1621 845 1693 statuit,
868 1637 955 1694 supra
975 1623 1222 1682 mandatumeam
1242 1639 1304 1684 esso

182 1722 325 1796 professus
350 1727 402 1782 est.
435 1723 605 1798 quicumque
629 1740 695 1797 ergo
720 1723 916 1798 uirginitatem
942 1727 1071 1797 seruant,
1101 1725 1192 1786 maius
1218 1743 1302 1801 quam

181 1827 361 1900 praeoeptum
387 1829 432 1886 est
457 1826 576 1886 faeiuut.
599 1829 668 1886 tuno
692 1826 768 1886 enim
792 1827 919 1901 proderit
944 1827 1067 1901 amplius
1093 1827 1193 1890 iuuisse
1218 1847 1303 1904 quam

181 1930 291 1988 iussum
316 1933 375 2001 est,
399 1930 424 1989 si
450 1931 525 2003 qued
549 1928 658 1989 iussum
684 1933 728 1988 est
753 1929 863 1990 feceris.
886 1947 951 1989 nam
972 1932 1108 2004 quomodo
1123 1932 1189 2005 plus
1203 1931 1303 1992 fouisse

181 2032 362 2106 gloriaberis,
386 2032 528 2092 siminus
552 2032 662 2106 aliquid
686 2049 743 2091 uon
767 2030 881 2092 fanias?
903 2033 1019 2106 cupiens
1042 2033 1171 2092 diuinum
1186 2035 1303 2108 implere

147 2159 172 2197 re
183 2135 332 2194 eonsilium
346 2139 413 2194 ants
427 2135 522 2194 omnia
536 2151 620 2194 serua
633 2136 812 2194 mandatum:
836 2136 935 2194 uolens
956 2135 1132 2209 uirginitatis
1146 2137 1302 2210 praemium

184 2238 316 2312 consequi
340 2238 418 2298 uitae
443 2238 613 2312 amplectere
638 2237 757 2309 merita,
779 2239 813 2296 ut
837 2238 876 2296 sit
898 2237 979 2297 ouius
997 2239 1169 2297 remunerari
1185 2238 1303 2298 castitas

183 2342 282 2414 possit.
304 2358 371 2400 nam
395 2343 430 2399 ut
454 2341 545 2399 uitam
570 2343 698 2414 praestat
722 2340 882 2400 obseruatio
907 2342 1117 2414 mandatorum,
1141 2342 1183 2400 ita
1208 2357 1303 2401 eorum

183 2462 198 2504 e
213 2445 353 2503 mnemrio
366 2447 484 2519 generat
498 2443 703 2517 praeuaricatio
718 2446 845 2504 mortem.
862 2446 891 2502 et
906 2443 955 2518 qui
970 2460 1019 2517 per
1034 2444 1303 2517 praeuaricationem

184 2548 214 2606 in
229 2550 347 2607 mortem
360 2546 448 2606 fuerit
462 2548 625 2620 deputatus,
648 2545 826 2621 uirginitatis
847 2563 975 2606 eoronam
991 2562 1102 2619 sperare
1117 2564 1172 2606 non
1188 2545 1302 2621 peterit,

149 2667 274 2724 seneque
288 2650 442 2723 pudicitiae
456 2649 612 2723 praemium
627 2652 788 2723 exspectare
802 2649 975 2708 eonstitutus
988 2649 1019 2708 in
1034 2667 1130 2723 poena.

226 2754 294 2812 Tres
308 2753 384 2813 euim
398 2753 506 2826 speeies
520 2755 588 2811 sunt
601 2752 751 2824 uirtutum,
774 2768 825 2825 per·
840 2769 910 2826 quas
925 2752 1055 2810 caelestis
1069 2753 1150 2825 regni
1165 2751 1331 2825 possession

183 2847 327 2914 int'roitur:
348 2855 441 2928 prima
455 2855 593 2929 pudicitia
606 2856 660 2926 est,
675 2856 797 2914 seeundo
810 2854 909 2914 mundi
932 2857 1120 2928 oontemptus,
1137 2855 1223 2913 tertia
1237 2871 1303 2914 uero

182 2959 309 3031 iustitia,
331 2974 404 3032 quae
424 2961 458 3016 ut
477 2973 596 3018 conexae
617 2957 771 3031 plurimum
793 2974 823 3016 se
849 2956 1057 3030 possidentibus
1078 2959 1238 3030 praestant,
1261 2957 1304 3015 ita

183 3062 290 3122 diuisae
304 3063 436 3135 prodesse
449 3060 566 3120 difficile
580 3063 712 3134 possunt,
735 3061 802 3118 dum
822 3075 1006 3134 unaquaeque
1032 3077 1128 3119 earum
1147 3077 1203 3119 non
1218 3076 1302 3133 prop·

283 3279 333 3336 81
352 3278 409 3336 eor.
430 3278 456 3344 7,
475 3277 521 3337 25.

233 3469 251 3525 2
269 3468 336 3522 illud
348 3468 414 3524 RV:
433 3467 506 3522 aliud
524 3467 547 3522 0
612 3466 630 3524 3
647 3482 711 3536 ergo
722 3466 856 3521 omuiaH
908 3466 927 3526 5
945 3467 1008 3520 sunt
1020 3465 1190 3520 eustodiendo
1202 3465 1301 3522 ARV:

181 3554 354 3610 esteustedia
370 3555 403 3618 C,
416 3552 617 3608 custodiaestb
669 3552 880 3609 diminueritum
897 3551 932 3620 V,
946 3551 973 3604 in
987 3567 1035 3605 eeu.
1049 3552 1076 3607 R
1128 3551 1187 3608 oet
1201 3551 1239 3609 10
1257 3567 1300 3606 su·

180 3658 227 3710 per
251 3641 286 3704 V;
305 3655 386 3710 supra
398 3670 431 3678 ω
445 3655 496 3693 uon
516 3638 601 3692 iscius
618 3642 658 3707 (u.
677 3640 722 3705 14)
740 3654 789 3692 om.
808 3639 836 3691 A
906 3637 923 3694 6
941 3637 984 3690 uel
1002 3639 1170 3706 praeceptum
1188 3637 1302 3692 uidetur

180 3729 311 3797 qloesenea
363 3725 500 3793 lexlege
516 3724 576 3780 GV:
594 3724 766 3792 ellegensR
828 3722 1036 3779 101teruirR:
1056 3739 1105 3776 om.
1124 3723 1174 3778 GV
1193 3724 1206 3789 ΙΙ
1228 3737 1301 3775 mun-

180 3812 272 3866 datum
293 3811 362 3867 RV:
400 3810 555 3864 mandatum
578 3809 623 3864 uel
642 3811 811 3878 praeceptum
840 3809 887 3873 H,
923 3807 1010 3862 mand
1032 3811 1060 3862 et
1083 3809 1252 3876 praeceptum
1282 3805 1304 3862 Ο

232 3898 267 3954 11
288 3912 350 3966 ergo
362 3912 410 3952 erre
424 3897 453 3951 R
479 3897 493 3964 ΙΙ
514 3895 600 3950 maius
618 3895 677 3952 OR:
696 3895 783 3964 magis
795 3895 856 3949 HV
916 3895 953 3952 13
971 3895 1072 3948 iustum
1090 3895 1115 3948 V
1134 3896 1147 3961 11
1170 3891 1252 3946 saeias
1265 3891 1299 3956 R,

179 3983 411 4038 feeeris-minus
432 3981 535 4050 aliquid
555 3997 604 4036 oua
624 3982 657 4035 Η
716 3981 753 4037 14
771 3979 879 4048 aliquod
903 3980 930 4036 V
950 3981 961 4047 ll
984 3995 1035 4034 nen
1047 3996 1095 4034 eru.
1110 3977 1168 4034 RV
1187 3980 1198 4046 ΙΙ
1218 3977 1301 4031 faeiss

179 4070 245 4124 RV:
264 4069 358 4123 feceris
375 4069 399 4123 0
417 4069 429 4136 ΙΙ
452 4068 541 4137 cupies
562 4068 590 4123 R
660 4067 697 4126 15
714 4065 910 4120 mandatatam
928 4067 1007 4132 (cerr.
1021 4065 1130 4133 tumul
1156 4065 1159 4128 l
1187 4062 1301 4132 uirgini·

179 4159 263 4209 tatem
275 4155 303 4211 R
350 4154 386 4211 16
398 4155 557 4224 amplectere
568 4152 694 4207 meritum
705 4152 779 4206 uitae
793 4152 816 4207 0
832 4152 844 4218 ΙΙ
860 4154 891 4206 ut
903 4151 941 4205 sit
952 4150 1026 4205 cuius
1039 4149 1134 4205 ARV:
1146 4150 1177 4202 ιιι
1189 4151 1237 4202 tua
1251 4149 1306 4204 CH

190 4243 201 4307 ll
224 4242 337 4294 castitas
356 4240 518 4294 remunerari
543 4239 567 4295 θ
634 4239 670 4294 17
688 4253 779 4292 eorum
798 4254 813 4291 e
834 4236 966 4291 eontrario
978 4235 1070 4290 noll:
1089 4237 1197 4289 eeontr.
1211 4249 1301 4288 eorum

178 4326 239 4380 HV
289 4325 326 4384 18
342 4324 659 4396 praeuarieatiogenerat
674 4323 701 4377 V
769 4322 804 4379 19
823 4321 1016 4376 inmorteAG
1036 4322 1048 4388 ll
1071 4318 1214 4388 deputatus
1232 4319 1265 4374 Η
1275 4324 1301 4374 et

178 4411 219 4465 ecl.
236 4411 321 4467 Veli:
339 4427 388 4466 one.
402 4411 513 4467 AORV
562 4411 599 4466 21
617 4411 754 4463 tres——
767 4409 809 4463 lae
820 4408 918 4462 bonum
930 4409 968 4475 (p.
981 4408 1045 4473 231,
1058 4406 1090 4474 2)
1103 4421 1151 4460 one.
1165 4406 1192 4459 A
1214 4406 1227 4473 ΙΙ
1245 4405 1300 4460 uir·

179 4500 268 4552 tutum
284 4496 318 4551 V:
337 4513 386 4554 erra
405 4497 484 4554 GHR
505 4498 518 4564 11
540 4495 616 4566 regui
627 4495 752 4550 caelestis
769 4495 792 4550 0
847 4493 885 4550 22
904 4494 946 4545 est
957 4489 1087 4560 pudicitia
1105 4491 1158 4548 011
