3300 5142
1218 559 1322 616 XXVII

191 720 374 816 particula
396 717 570 793 restituta
591 717 688 792 hanc
711 716 941 815 aptissimam
963 715 1062 788 nacti
1084 739 1215 789 sumus
1239 741 1322 790 sen·

191 840 364 912 tentiam:
391 840 421 912 si
444 838 505 912 uel
522 836 718 936 improbus
734 836 770 936 (i
784 859 816 912 e.
834 833 1045 935 impudens)
1064 835 1205 928 uidear,
1228 836 1322 910 mihi

192 984 341 1058 quoque
363 959 559 1033 uictoriam
582 956 763 1032 adscribo.
790 979 851 1030 res
873 965 1000 1030 autem
1037 956 1234 1030 notissima
1255 966 1322 1046 est,

191 1080 249 1152 uel
268 1079 414 1153 duabus
436 1077 567 1152 litteris
590 1101 676 1149 cum
699 1075 852 1174 uir-gula
872 1099 941 1175 per
963 1076 977 1148 l
996 1075 1050 1147 ita
1070 1075 1108 1148 in
1132 1073 1324 1149 codicibus

192 1198 304 1274 scribi
327 1201 464 1288 solere,
493 1208 536 1272 ut
553 1221 663 1295 saepe
680 1197 747 1271 uix
766 1194 811 1270 ab
830 1208 869 1270 ot
886 1195 1067 1294 distingui
1088 1196 1215 1294 possit.
1238 1193 1324 1270 Non

190 1320 243 1393 ita
264 1319 372 1394 facile
394 1319 503 1392 nobis
523 1341 586 1393 res
609 1318 720 1392 cessit
752 1316 791 1390 in
825 1315 994 1390 eiusdem
1031 1317 1158 1416 capitis
1193 1315 1215 1415 ξ
1239 1320 1260 1390 2
1284 1318 1324 1392 in

191 1440 250 1514 his
280 1439 423 1514 uerbis:
452 1441 493 1512 da
520 1436 641 1537 predas
668 1436 843 1526 crastino,
872 1438 966 1536 qood
996 1436 1071 1512 iarn
1104 1438 1158 1512 sol
1182 1437 1328 1512 occasui

192 1558 337 1634 declam
362 1572 427 1649 est,
467 1571 506 1632 ut
530 1561 573 1632 dc
600 1571 671 1632 teto
706 1555 959 1655 conprucatr'us
979 1557 1184 1655 promptius
1209 1557 1325 1655 requi·

192 1705 330 1755 remus.-
354 1680 394 1753 in
417 1680 554 1778 quibus
577 1678 672 1753 illud
696 1677 848 1775 quidem
870 1677 1178 1752 intellexeramus
1206 1678 1326 1751 uerba

194 1813 232 1874 ut
259 1802 301 1876 dc
328 1812 399 1874 toto
426 1799 676 1898 acapraeao'as
710 1822 822 1872 sensu
850 1819 991 1888 carere,
1032 1797 1097 1872 sed
1124 1797 1326 1896 probabilis

192 1919 398 1994 emendatio
422 1921 459 1993 in
482 1930 645 1993 mentem
667 1944 744 1992 non
769 1929 929 1992 uenerat.
969 1943 1051 1991 eam
1079 1917 1190 1991 nobis
1212 1916 1324 1990 Vah·

129 2020 133 2030 *
191 2041 343 2114 lenius
366 2039 570 2138 suggessit,
599 2038 664 2134 qui
686 2038 834 2136 egregie
858 2037 1085 2113 emendauit:
1120 2051 1159 2112 ut
1185 2039 1227 2112 dc
1253 2050 1324 2112 toto

193 2171 494 2257 conpruentcs
507 2157 712 2256 promptius
732 2157 970 2256 repararemus,
993 2167 1037 2230 ut
1058 2158 1149 2232 haee
1172 2159 1221 2232 sit
1243 2182 1325 2232 sen-

193 2279 326 2353 tentia:
354 2277 400 2352 de
432 2279 505 2370 his,
547 2301 644 2377 quae
674 2277 723 2352 ad
749 2279 953 2377 perfectam
975 2278 1246 2352 institutionem
1263 2303 1325 2351 ne·

194 2400 353 2474 cessaria
374 2408 486 2488 sunt,
514 2398 676 2472 crastino
698 2398 849 2473 facilius
883 2409 918 2472 et
956 2397 1168 2496 expeditius
1202 2398 1327 2496 requi·

193 2544 343 2609 remus,
372 2528 414 2592 ut
450 2519 514 2616 qui
546 2518 592 2593 de
615 2527 717 2611 toto,
744 2519 778 2591 h.
803 2542 833 2592 e.
856 2518 902 2592 de
939 2519 1098 2592 ueritate
1136 2518 1325 2617 religionis

195 2639 416 2714 christianae
443 2639 632 2714 internos
655 2639 940 2714 consentiamus.
968 2639 1077 2712 iuuat
1105 2638 1325 2729 adscribere,

180 2758 512 2857 quemadmodum
549 2759 774 2856 interpretes
810 2761 850 2833 in
885 2759 1009 2834 uerbis
1046 2761 1232 2858 corruptis
1268 2771 1326 2834 ut·

196 2903 358 2975 cumque
381 2877 634 2976 intellegendis
658 2903 696 2952 se
718 2880 915 2970 torserint3
941 2904 1041 2952 unus
1074 2880 1172 2952 enim
1202 2903 1246 2952 ea
1273 2881 1326 2954 sic

196 2999 325 3072 uertit:
366 2998 457 3072 dacae
493 2999 621 3089 sollae,
665 3024 704 3074 so
729 3000 795 3074 wic
822 3002 889 3076 das
919 2997 1039 3075 Guttae
1065 3003 1131 3096 (t),
1161 2989 1327 3096 srir'dcra

194 3119 412 3216 usurpandae
433 3118 509 3216 Tap
523 3121 586 3195 der
602 3116 828 3217 Gepcastuad
844 3120 939 3195 ariter
953 3145 1259 3218 cnpemassencrcn
1278 3124 1326 3215 (l)

194 3241 272 3314 aad
293 3237 550 3336 peseliclrteren
572 3243 620 3336 (I)
654 3237 921 3339 Untersacltanp
947 3241 1041 3330 scrin
1068 3242 1165 3316 alter
1186 3251 1326 3314 autem:

196 3357 349 3434 dardbcr
370 3360 494 3433 wellen
515 3359 582 3433 wir
603 3385 761 3457 rampart,
783 3386 822 3434 so
844 3361 910 3438 wic
931 3359 1017 3436 tiber
1038 3362 1103 3436 dos
1129 3357 1249 3435 Genea
1267 3363 1327 3456 (t),

195 3476 580 3553 ddcrdrntirnrncrtderc
605 3480 682 3553 aad
702 3505 879 3577 pcnaacre
894 3483 940 3576 (t)
973 3477 1241 3578 Uatcrurcltuap
1265 3506 1327 3554 on-

197 3599 334 3689 stcllen5
372 3599 599 3673 nouissimus
630 3599 789 3698 denique
815 3601 1017 3700 interpres:
1045 3601 1119 3676 dr'cs
1143 3604 1244 3698 recipe
1270 3601 1327 3674 rit-

196 3720 273 3793 dass
290 3719 361 3816 sair
386 3743 533 3816 morpen
559 3720 764 3818 aufpespcrt
790 3719 942 3814 tta’tea,
970 3723 1081 3796 dornit
1107 3721 1174 3798 wir
1200 3746 1235 3795 es
1260 3721 1327 3795 sei·

195 3865 276 3914 nam
300 3865 439 3938 ponzen
473 3837 596 3914 letata
633 3839 728 3916 noch
755 3844 803 3937 (l)
830 3843 907 3916 aad
930 3843 995 3916 nn't
1017 3840 1182 3941 frr'schen
1216 3838 1327 3938 Krd's·

195 3971 253 4034 ten
274 3961 324 4056 (l)
355 3958 586 4036 untermcltco
608 3959 761 4035 lucianea.
801 3963 957 4036 miratus
980 3974 1078 4037 esset
1104 3963 1236 4059 utique
1264 3960 1327 4034 tti-

196 4079 347 4171 nucius,
365 4080 398 4154 ai
417 4081 468 4154 sic
487 4105 527 4154 se
544 4081 831 4179 interpretantes
849 4082 1025 4156 audisset.
1052 4081 1223 4179 Denique
1246 4081 1328 4154 bre·

197 4199 296 4274 uiter
321 4223 535 4290 monemus,
563 4225 633 4274 nos
653 4202 692 4274 in
722 4203 983 4301 compluribus
1010 4203 1101 4278 locis
1130 4202 1328 4301 uulgarem

196 4318 487 4420 interpungendi
511 4322 695 4422 rationem
717 4333 896 4414 mutasse,
919 4347 995 4421 qua
1015 4347 1057 4398 re
1079 4329 1180 4396 recto
1204 4322 1329 4396 cuius·

198 4463 271 4536 que
293 4439 365 4514 loci
388 4440 596 4514 intellectui
617 4439 718 4516 haud
749 4441 846 4518 male
868 4441 977 4516 nobis
999 4441 1172 4516 uidemur
1194 4465 1328 4516 consu·
