3300 5142
646 531 752 602 Epist
770 530 807 584 11.
1237 525 1301 590 239

174 688 209 746 ιι
227 687 342 746 nonnisi
362 689 537 750 sermonibus
559 691 667 750 sanetis
689 693 719 750 et
739 691 818 750 ueris
831 690 962 750 auditum
976 689 1147 763 praebeant,
1170 687 1204 744 ut
1218 700 1302 742 uum·

174 806 260 864 quam
275 791 397 851 obscena
410 794 462 850 aut
475 793 572 866 turpia
593 796 645 853 aut
667 794 825 854 saecularia
838 794 926 852 uerba
940 791 1098 866 suscipiant
1112 791 1163 848 aut
1177 787 1302 862 aliquem

176 893 211 951 de
225 893 316 952 altero
331 895 450 954 audient
463 897 660 971 derogantem,
676 899 792 970 propter
806 896 880 956 illud
895 896 969 970 quod
985 894 1177 968 scriptumest
1190 878 1302 962 ‘saepi

175 1012 282 1054 aures
303 998 396 1057 tuas
416 999 538 1072 spinis
559 1001 594 1058 et
614 1000 695 1060 noli
717 999 846 1059 audire
869 999 1037 1073 linguam
1057 976 1235 1071 nequam,
1269 993 1304 1050 ut

154 1115 240 1158 scum
254 1115 287 1158 eo
301 1100 405 1159 habere
419 1103 530 1174 partem
544 1102 645 1176 possis,
660 1104 695 1162 de
710 1120 766 1178 quo
780 1102 900 1162 dieitur:
924 1101 1096 1176 queniam
1116 1097 1246 1157 auditu
1269 1095 1304 1152 et

175 1201 262 1262 uisu
284 1203 414 1263 iustus
436 1207 533 1277 erat,
556 1207 681 1279 honest,
703 1222 756 1264 nee
781 1205 872 1265 eean
897 1221 948 1264 nec
967 1203 1085 1263 auribus
1109 1198 1302 1275 delinquebat.
1387 1242 1388 1246 ,

175 1305 283 1364 llunda
297 1323 415 1378 manus,
437 1310 685 1380 neporrectae
700 1310 741 1367 ad
756 1308 1014 1381 accipiendum
1036 1306 1129 1378 siut,
1152 1305 1197 1362 ad
1219 1303 1303 1361 dan-

175 1409 253 1467 dum
275 1412 392 1468 autem
413 1410 615 1484 collectae,
647 1428 698 1471 nec
712 1413 749 1470 ad
763 1411 922 1471 feriendum
937 1412 1071 1485 paratae,
1095 1409 1144 1467 sed
1159 1403 1305 1466 adomnia

175 1511 385 1572 misericordiae
399 1515 430 1572 et
443 1513 561 1587 pietatis
574 1531 660 1588 opera
674 1515 746 1574 satis
761 1515 917 1588 promptae.
933 1514 1040 1572 Munda
1054 1511 1153 1586 pedes,
1169 1526 1205 1568 ne
1214 1509 1304 1568 ιιιιιιιι

140 1632 167 1672 uo
175 1617 205 1673 et
219 1615 375 1688 spatiosam
389 1620 510 1691 pergant
524 1617 616 1690 uiam,
639 1634 713 1692 quae
732 1618 812 1677 ducit
839 1619 875 1676 ad
900 1615 1049 1690 splendida
1074 1613 1181 1674 saeculi
1195 1615 1225 1672 et
1239 1626 1304 1686 pre·
1350 1666 1354 1680 ,

176 1717 251 1776 tiosa
265 1718 410 1792 conuiuia,
434 1721 484 1779 sed
499 1721 618 1779 arduum
633 1720 725 1795 magis
739 1723 769 1780 et
782 1723 937 1795 angustum
951 1719 1119 1794 gradientur
1134 1717 1207 1788 iter,
1231 1714 1306 1790 quod

174 1821 440 1881 tenditodcaelum
457 1868 464 1895 ,
484 1823 703 1897 quiaseriptum
727 1825 789 1882 est:
811 1823 885 1882 iter
905 1824 1047 1882 rectum
1069 1819 1185 1879 facite
1207 1815 1305 1892 pedi·

174 1924 242 1982 bus
262 1924 414 1984 uestris.
449 1942 569 1999 agnosce
583 1926 742 1986 tibiaDeo
756 1925 866 1986 artifice
881 1943 938 1986 non
952 1927 989 1984 ad
1004 1923 1093 1995 uitia,
1117 1924 1167 1982 scd
1186 1923 1222 1980 ad
1244 1921 1305 1979 nir·

173 2029 252 2088 tutes
265 2027 392 2086 membra
406 2026 541 2086 formata:
579 2031 692 2088 etcum
716 2029 865 2088 uniuersos
881 2031 963 2086 artus
978 2025 1161 2086 mundaueris
1176 2025 1212 2084 ab
1227 2022 1305 2083 omui

130 2144 156 2184 ιι
176 2130 258 2190 sorde
272 2129 381 2202 peccati
395 2131 425 2188 et
438 2132 499 2189 toto
513 2129 603 2190 fueris
618 2131 795 2191 sanctificata
814 2146 946 2204 corpore,
969 2132 1038 2188 tunc
1063 2127 1117 2188 tibi
1143 2127 1305 2187 castitatem

174 2232 327 2306 intellegas
360 2231 553 2306 profuturam,
588 2235 617 2292 et
647 2251 711 2293 cum
743 2233 819 2293 omni
845 2232 949 2292 fiducia
973 2232 1097 2307 palmam
1127 2230 1305 2305 uirginitatis

178 2335 320 2408 exspecta.

219 2436 296 2508 Quid
320 2437 361 2496 sit
387 2439 515 2498 sanctem
539 2455 601 2499 esse
626 2457 741 2513 corpore
766 2439 893 2500 breuiter
907 2439 1036 2514 quidem,
1059 2439 1108 2497 sed
1123 2437 1206 2511 plene
1220 2452 1304 2509 erpo·
1318 2447 1354 2502 11

177 2539 269 2598 suisse
284 2555 329 2598 me
342 2539 480 2599 arbitror:
503 2559 579 2600 nune
592 2543 668 2616 quod
683 2543 812 2617 sequitur
827 2545 864 2602 et
886 2543 1039 2616 spiritu,
1063 2557 1146 2600 nosse
1160 2540 1304 2612 debemus,

142 2643 231 2702 aohoc
244 2645 303 2714 est,
326 2644 360 2700 ut
384 2645 460 2718 quod
485 2661 568 2717 opere
591 2644 673 2704 nefas
687 2648 732 2704 est
746 2646 825 2718 lieri,
848 2662 900 2706 nee
915 2644 960 2704 fas
974 2645 1014 2704 sit
1028 2643 1198 2718 cogitatione
1212 2641 1305 2702 eonci-

179 2762 252 2818 pore.
276 2745 330 2804 illa
342 2745 418 2804 euim
433 2749 477 2805 est
491 2750 591 2806 sancta
604 2750 665 2806 tam
679 2765 793 2822 corpore
807 2765 893 2824 quam
909 2748 1030 2822 spiritu,
1054 2763 1126 2820 qnae
1141 2763 1193 2806 nee
1206 2748 1300 2804 mente

178 2864 231 2906 nec
254 2849 337 2907 eorde
361 2848 521 2923 delinquit,
555 2850 647 2910 sciens
660 2851 748 2910 etiam
762 2851 854 2910 cordis
868 2867 929 2910 esse
944 2850 1130 2924 inspectorem
1144 2849 1249 2920 Deum,
1273 2850 1303 2907 et

179 2949 284 3010 idcireo
304 2950 455 3026 satisagit,
481 2954 515 3010 ut
529 2953 606 3012 omni
620 2953 802 3012 modoetiam
816 2953 943 3012 mimum
958 2969 1021 3011 cum
1036 2967 1150 3025 corpore
1165 2952 1302 3010 mundum

180 3217 265 3274 426
283 3133 390 3190 eaeor
409 3133 455 3198 28,
474 3134 521 3190 28.
574 3135 639 3194 511
656 3136 715 3189 Pet
734 3135 760 3200 2,
780 3134 806 3192 8.
870 3135 1004 3192 lEccles.
1023 3135 1050 3200 4,
1069 3134 1107 3190 36
1174 3133 1210 3189 12
1228 3133 1298 3188 Pron

234 3373 249 3428 1
269 3373 369 3427 sanetis
380 3373 547 3428 modestiaet
569 3375 597 3429 V
615 3377 628 3443 u
650 3375 722 3428 ueris
733 3375 768 3429 H
780 3381 807 3429 ct
823 3374 864 3429 ed.
884 3374 966 3428 Vult:
994 3375 1071 3427 seriis
1088 3374 1178 3441 GRV5
1197 3375 1225 3428 et
1235 3374 1307 3428 ueris

183 3473 231 3511 ens
245 3458 272 3510 A
324 3459 488 3514 lobseoena
508 3460 568 3515 edd.
592 3462 605 3528 ΙΙ
627 3462 746 3514 autnon
767 3460 883 3529 aliquem
908 3460 932 3514 0
981 3459 999 3516 3
1019 3459 1189 3529 derogantem
1210 3461 1307 3516 ARV:

183 3543 368 3598 detrahentem
387 3546 410 3599 0
459 3546 522 3603 Ant
533 3545 741 3601 cum—munde
752 3548 792 3614 (a.
806 3548 836 3614 7)
849 3562 897 3600 ooo.
911 3548 938 3600 A
996 3545 1165 3602 dueeoeulis
1177 3563 1225 3601 uec
1236 3547 1308 3602 auri-

181 3629 231 3682 bus
251 3629 277 3682 V
338 3629 423 3686 Vsint
435 3630 469 3684 ad
481 3631 663 3700 accipiendum
679 3632 705 3685 V
725 3634 737 3698 ΙΙ
759 3631 794 3685 ad
809 3630 835 3685 d.
849 3634 903 3685 ant.
918 3631 1043 3686 collectae
1056 3648 1105 3686 oen.
1119 3633 1146 3685 A
1200 3633 1238 3689 10
1248 3649 1307 3702 per-

181 3717 248 3784 gant
268 3714 340 3768 uiam
364 3716 430 3770 AR:
448 3716 521 3770 uiam
532 3733 555 3785 p.
573 3718 606 3781 G,
619 3717 691 3770 uiam
702 3719 815 3786 pergant
836 3720 864 3770 et
887 3717 914 3772 V
983 3719 1019 3775 11
1033 3717 1077 3772 sed
1098 3718 1132 3773 ad
1152 3717 1263 3772 arduum
1287 3718 1311 3774 0

236 3802 273 3857 12
290 3800 385 3856 tendat
401 3803 427 3858 V
447 3803 460 3869 ΙΙ
482 3803 547 3870 quia
555 3834 588 3842 -
598 3803 697 3856 uestris
708 3820 758 3856 om.
771 3804 798 3856 A
846 3802 882 3859 13
895 3802 1024 3856 uirtutem
1037 3805 1106 3868 ΑΗ,
1124 3819 1176 3856 nou
1193 3803 1227 3856 ad
1239 3803 1308 3858 uitia

183 3885 229 3940 sed
240 3886 274 3939 ad
285 3886 414 3940 uirtutem
423 3889 487 3954 (eie)
496 3888 560 3942 add,
571 3889 603 3942 in
615 3889 642 3942 R
653 3905 686 3941 m.
696 3891 717 3941 2
763 3887 801 3944 14
812 3891 889 3941 actus
902 3888 925 3942 0
976 3890 1013 3948 15
1025 3891 1098 3943 tetus
1107 3888 1135 3942 R
1143 3905 1211 3943 corr.
1222 3905 1309 3943 mana

183 3975 202 4024 3
225 3974 257 4026 in
276 3974 335 4025 tota
357 3975 369 4038 11
391 3972 445 4026 tibi
465 3976 529 4026 tuuc
555 3974 581 4026 V
654 3972 690 4031 16
714 3973 787 4026 omni
805 3989 855 4028 om.
882 3973 905 4027 0
973 3974 1009 4030 17
1031 3977 1150 4042 expectes
1171 3974 1211 4028 ed.
1238 3975 1306 4031 Vult.

237 4057 274 4114 18
292 4057 362 4123 Quid
371 4058 512 4112 —defendi
524 4061 562 4126 (p.
577 4061 761 4126 241,15)om.
776 4059 802 4112 A
824 4060 837 4126 Ιι
861 4061 953 4114 saneta
967 4059 989 4113 0
1031 4059 1070 4116 20
1085 4059 1191 4128 operiR
1213 4063 1225 4128 ΙΙ
1248 4060 1307 4114 fieri

184 4142 258 4196 nefas
270 4146 311 4197 est
336 4143 370 4205 V,
386 4143 445 4196 fieri
465 4161 514 4198 erre
535 4144 563 4198 R
585 4147 597 4212 ΙΙ
620 4161 667 4198 nec
679 4145 719 4197 ins
731 4145 770 4197 sit
780 4145 860 4212 cogit.
875 4145 1009 4213 concipere
1027 4145 1061 4198 Η
1064 4165 1072 4198 .·
1084 4161 1131 4199 nee
1144 4146 1307 4214 cogitatione

184 4229 318 4297 concipere
335 4230 394 4292 CR,
412 4245 460 4282 nee
471 4231 648 4298 concipiamus
659 4229 820 4298 cogitatione
836 4231 862 4284 V
905 4231 942 4287 21
956 4232 998 4284 est
1009 4245 1056 4283 em.
1071 4231 1098 4286 R
1110 4236 1125 4284 1
1137 4247 1169 4284 m.
1188 4234 1199 4299 ΙΙ
1216 4235 1308 4286 saneta

184 4329 289 4382 corpore
302 4318 329 4367 et
341 4315 438 4382 spiritu
452 4316 478 4369 V
520 4317 558 4372 22
571 4315 647 4369 eorde
658 4315 698 4369 R:
709 4331 786 4368 carne
803 4315 864 4382 CV,
878 4333 983 4384 corpore
993 4316 1033 4369 ed.
1045 4316 1115 4370 Vall.
1133 4317 1145 4384 ΙΙ
1161 4317 1275 4385 deliquit
1285 4318 1311 4372 V

197 4403 207 4466 Ι
231 4401 312 4453 etiam
332 4400 401 4454 RV:
428 4400 499 4453 enim
524 4402 547 4456 0
568 4404 580 4468 ΙΙ
603 4400 688 4455 cordis
711 4402 737 4455 V
752 4408 816 4469 poet
837 4401 914 4455 deum
934 4403 1013 4455 tabet
1036 4403 1048 4470 ΙΙ
1072 4402 1263 4470 speculatorem
1287 4402 1311 4458 Ο

238 4484 276 4540 23
289 4484 392 4554 satagit
403 4486 436 4539 Η
