3300 5142
1268 563 1322 618 VII

184 718 334 816 ruspari
351 717 568 817 religiosum,
587 730 779 819 propterea
793 745 993 820 propagare
1006 713 1203 811 noluimus,
1222 722 1322 819 quod

186 839 257 913 hoc
281 838 437 912 uerbum
451 839 656 914 obsoletum
678 839 776 914 idem
798 840 899 939 quod
922 841 1140 939 praecedens
1168 841 1324 914 serenari

181 957 375 1054 significat.
391 960 508 1058 magis
520 959 702 1034 arridebat
715 960 923 1035 coniectura
936 959 1046 1035 aOhr.
1056 959 1127 1033 Ad.
1140 959 1321 1034 Klotzio

183 1079 371 1178 proposita
394 1093 458 1155 aut
480 1079 723 1178 disputare
744 1079 970 1178 calipiosum,
1002 1079 1033 1153 si
1058 1079 1165 1153 ullam
1189 1078 1321 1179 proba·

185 1199 362 1273 bilitatem
384 1225 431 1274 ex
455 1201 628 1274 ductuum
666 1199 902 1274 similitudine
937 1199 1105 1275 haberet:
1143 1201 1207 1275 sed
1243 1226 1321 1274 rem

181 1344 266 1410 acu,
289 1299 524 1411 ni'fallimur,
548 1319 670 1418 tetigit
691 1319 988 1412 Dombartus‚
1020 1321 1082 1419 qui
1105 1321 1141 1394 in
1165 1320 1227 1394 illo
1249 1333 1321 1394 stu-

180 1439 288 1537 prari
308 1439 400 1513 nihil
422 1439 518 1513 aliud
541 1465 651 1538 quam
682 1442 863 1538 suspicari
893 1440 1003 1515 latere
1034 1441 1210 1540 sagaciter
1239 1466 1322 1540 per-

181 1559 319 1659 spexit.
348 1559 401 1634 sio
429 1559 614 1660 aptissime
643 1571 718 1634 tres
740 1562 875 1658 gradus
898 1561 1118 1660 cognitionis
1143 1561 1321 1635 humanae

183 1705 249 1779 per
272 1681 484 1754 descensum
507 1707 527 1752 a
549 1679 686 1756 maiore
705 1681 749 1753 ad
768 1681 890 1756 minus
909 1693 1181 1781 proponuntur:
1205 1681 1321 1757 scien·

182 1799 253 1891 tia,
278 1799 469 1891 scrutatio,
494 1800 711 1875 coniectura.

236 1919 277 1994 ln
308 1912 470 1994 eiusdem
500 1920 626 2020 capitis
663 1923 729 2017 §7
755 1923 806 2021 (p.
832 1925 865 2012 8,
894 1924 932 2018 1)
969 1922 1056 1997 haec
1093 1935 1148 1997 est
1184 1922 1320 1998 codicis

181 2039 381 2140 scriptura:
422 2041 542 2114 sidera
574 2038 653 2113 licet
680 2041 777 2139 ignis
808 2042 1005 2116 accenderit
1027 2055 1057 2116 et
1079 2041 1215 2117 caelum
1245 2041 1324 2116 licet

181 2185 252 2234 sua
273 2160 423 2233 materia
452 2160 690 2257 suspenderit,
723 2159 802 2236 licet
833 2175 960 2236 terram
983 2163 1205 2260 fundauerit
1230 2186 1320 2260 pon·

182 2281 312 2371 dere..,
336 2281 431 2354 uude
466 2281 552 2354 baec
586 2279 733 2378 religio,
770 2283 866 2356 unde
893 2280 1084 2379 formido?
1111 2281 1150 2355 in
1182 2281 1239 2355 his
1275 2282 1320 2355 ad

183 2399 295 2474 uerba
319 2399 398 2475 licet
419 2413 439 2474 t.
463 2399 685 2498 fundaverit
709 2403 867 2497 pondere
893 2403 1051 2475 sananda
1073 2400 1172 2475 uaria
1204 2428 1223 2474 a
1253 2401 1321 2476 cri·

182 2520 264 2596 ticis
286 2531 424 2594 tentata
448 2532 551 2613 sunt,
584 2521 647 2597 sed
670 2519 761 2595 nihil
783 2522 984 2622 prolatum,
1026 2522 1125 2621 quod
1149 2547 1316 2622 magnam

183 2641 332 2716 haberet
346 2642 646 2740 probabilitatem.
665 2643 830 2718 Franci
842 2669 945 2717 scus
966 2642 1186 2718 Oehlerus
1201 2643 1319 2717 locum

182 2762 366 2861 integrum
410 2762 579 2862 putabat,
632 2790 678 2838 ex
715 2764 950 2838 antecedente
986 2763 1065 2838 colo
1101 2762 1212 2837 uerba
1250 2789 1319 2838 suu

183 2884 333 2957 materia
355 2884 576 2982 cogitatione
597 2885 793 2984 repetenda
824 2909 902 2958 esse
935 2893 1108 2958 statuens,
1151 2895 1187 2958 at
1221 2895 1321 2958 recte
1441 2981 1446 2994 ¹

184 3015 309 3077 monet
331 3001 601 3095 Vahlenius,
637 3002 854 3078 uocabulum
891 3003 1042 3078 materia
1086 3003 1233 3103 quidem
1271 3030 1318 3078 ex

181 3122 297 3197 altero
320 3121 508 3198 enuntiato
531 3125 577 3196 ad
599 3123 750 3197 alterum
774 3122 879 3197 facile
901 3123 1061 3224 suppleri
1084 3149 1213 3224 posse,
1244 3149 1318 3197 non

182 3242 271 3316 item
302 3269 371 3318 suc
404 3245 573 3336 molaria,
612 3246 709 3343 quod
742 3244 779 3317 in
805 3244 921 3318 altero
944 3243 1109 3319 membro
1133 3244 1218 3318 caeli
1244 3271 1321 3318 ma·

183 3364 291 3455 teria,
328 3365 365 3437 in
388 3363 502 3438 altero
525 3377 643 3439 terrae
671 3363 914 3463 intellegenda
943 3364 1000 3439 sit.
1041 3390 1213 3464 quaeres
1236 3391 1319 3439 cum

183 3482 234 3556 ita
257 3509 295 3557 se
317 3483 466 3576 habeat,
490 3509 533 3558 eo
556 3497 703 3559 auctore
727 3483 805 3559 licet
827 3498 954 3559 terram
978 3511 1048 3560 sua
1066 3488 1131 3582 (sc.
1151 3486 1318 3583 materia)

170 3604 396 3700 ,fundanae
406 3605 566 3702 pondere
583 3604 805 3706 scripsimus.
829 3605 931 3679 Idem
951 3605 1168 3679 uocabulum
1188 3631 1234 3680 ex
1254 3631 1318 3705 op·

183 3723 276 3797 tima
292 3724 498 3824 Rigaltii
521 3725 772 3801 emendatione
794 3725 1025 3800 restituimus
1055 3725 1091 3799 in
1116 3726 1172 3800 his
1196 3725 1320 3798 uerbis

183 3870 259 3945 cap.
285 3848 346 3935 28,
371 3850 413 3918 7:
454 3846 528 3921 nisi
561 3848 657 3946 quod
686 3869 752 3921 uos
792 3859 824 3921 ct
854 3859 941 3921 totos
968 3847 1087 3922 corbos
1110 3847 1148 3920 in
1170 3843 1321 3919 stabulis

181 3992 263 4042 oum
284 3981 405 4042 uestro
426 3968 486 4044 uel
506 3996 586 4044 suo
609 3968 740 4067 Epona
763 3968 982 4044 coturnatos.
1023 3993 1105 4042 cum
1136 3967 1173 4038 in
1197 3965 1320 4040 codice

182 4087 360 4187 scriptum
391 4089 439 4163 sit
469 4114 546 4164 curn
576 4102 695 4163 uestro
725 4087 785 4164 uel
805 4087 956 4186 Epona,
993 4086 1096 4161 facile
1132 4086 1318 4186 negotium

185 4219 263 4281 erat
285 4211 342 4283 uel
362 4209 500 4299 delere,
533 4210 598 4284 sed
620 4208 768 4284 difficile
790 4208 998 4298 intellectu,
1028 4207 1089 4306 qui
1120 4205 1189 4281 tale
1214 4232 1320 4282 uoca-

183 4325 309 4401 bulum
333 4329 431 4403 nulla
453 4356 560 4405 causa
597 4340 750 4427 cogente
788 4329 871 4402 addi
903 4328 1073 4429 potuerit.
1115 4352 1182 4401 nec
1204 4326 1320 4426 placet

182 4461 429 4524 commentum
454 4477 473 4522 a
496 4449 734 4524 Boissonadio
769 4449 806 4523 in
838 4447 1015 4523 Anecdot.
1041 4445 1165 4522 Graec.
1190 4447 1260 4521 uol.
1284 4447 1319 4522 V
