3300 5142
498 510 599 565 Index
617 509 793 565 uerborum
813 514 847 566 et
864 511 1075 566 locutionem.
1305 515 1369 580 137

235 667 416 723 substantiam
428 668 523 722 uolunt
531 668 717 737 Proserpinam
726 666 765 722 di·
837 669 921 734 121,
949 670 1072 725 morituri
1087 668 1207 725 drnennis
1226 668 1276 722 boe
1297 668 1370 722 sola·

235 771 293 810 eene
306 756 346 820 17,
360 754 392 818 33
410 769 572 824 peromnem
586 752 766 808 substantiam
836 754 906 809 cium
919 758 971 820 est,
989 758 1021 809 ut
1029 755 1140 810 exitium
1153 771 1229 809 suum
1243 753 1370 822 frequens

233 841 339 912 generis
355 842 399 895 tui
416 839 624 909 fecundapoens
634 838 766 894 diuiditur
836 840 1000 910 perditorum
1018 840 1098 895 turbs
1113 840 1255 895 comitetur
1273 838 1317 905 26,
1333 838 1369 901 3;

232 927 277 993 28,
291 927 344 991 10;
356 927 481 982 uoluntas
500 926 543 979 dei
555 924 667 995 perfecti
678 926 766 994 operis
836 927 871 993 es.
886 929 967 981 eiiam
985 930 1013 997 5,
1025 927 1045 983 4
1063 933 1089 981 et
1101 926 1135 981 de
1143 926 1288 981 similium
1296 940 1368 994 pro·

232 1012 386 1067 substantie
398 1015 439 1066 est
456 1011 533 1077 26,3
836 1015 1001 1070 neminisse
1019 1013 1074 1078 ἵ,6

198 1098 348 1169 supplicare
360 1099 478 1168 aliquem
495 1097 539 1163 28,
553 1099 585 1152 11

197 1201 273 1250 suus,
291 1186 342 1240 ubi
358 1185 415 1240 eins
427 1190 475 1240 ete.
489 1191 673 1253 exspectares:
701 1186 766 1255 quid
799 1184 909 1239 turbare
928 1181 1226 1247 amicitiaeiurs12,6

232 1270 282 1326 hon
293 1270 417 1341 frugibus
428 1269 544 1340 profuit,
572 1273 603 1325 ut
620 1271 765 1325 fetussuos
799 1270 970 1326 turbulentus
988 1286 1060 1327 error
1077 1269 1153 1335 17‚4

231 1358 327 1411 sunnis
345 1354 495 1411 ululatibus
517 1356 671 1412 seminent?
690 1357 717 1421 3,
731 1357 751 1413 4
757 1375 765 1419 ;

230 1442 301 1511 quod
320 1444 422 1496 terram
444 1444 558 1496 matrem
576 1458 634 1496 esse
646 1443 764 1496 omnium
798 1458 913 1496 uenena:
940 1443 984 1497 hie
1012 1441 1114 1512 (Liber)
1135 1457 1194 1495 eum
1220 1436 1366 1493 muliebres

230 1526 339 1582 deorum
350 1527 482 1595 dicunt..,
500 1544 562 1582 nere
580 1527 688 1582 deorum
705 1544 764 1582 suo·
834 1528 936 1582 animos
957 1528 1066 1583 uenenis
1081 1524 1241 1596 quibusdem
1261 1526 1289 1579 et
1307 1540 1365 1577 car-

230 1617 386 1668 rummsten
399 1615 441 1667 est
453 1614 479 1679 3,
493 1618 512 1674 5
519 1634 526 1678 ;
543 1614 594 1668 hoe
603 1630 701 1668 numen
713 1619 762 1679 est,
833 1614 951 1669 minibus
963 1616 1117 1683 occupasset
1128 1618 1174 1667 ete.
1195 1610 1254 1675 6,6

231 1698 301 1768 qued
318 1700 347 1753 in
366 1700 425 1754 niro
439 1700 567 1753 feminam
582 1699 700 1770 quaerit,
719 1700 763 1754 eui
797 1700 977 1754 uenerandum
1003 1698 1178 1754 Alexandriae
1205 1712 1301 1750 numen
1328 1718 1363 1743 =

229 1784 312 1838 uliter
334 1786 434 1839 seruire
457 1786 624 1840 sacerdotum
655 1802 762 1841 suorum
832 1787 901 1857 quod
917 1788 959 1842 Al.
975 1788 1136 1840 uenerantur
1154 1783 1224 1847 13‚1

228 1870 323 1924 ebosus
344 1886 396 1923 non
416 1873 518 1939 potest,
538 1872 592 1924 nisi
608 1872 761 1927 effeminent
795 1873 868 1927 uesci
883 1890 944 1929 estun
958 1873 1117 1928 accusatius
1134 1870 1179 1934 14,
1194 1870 1211 1923 2
1229 1866 1286 1936 (sed
1302 1882 1364 1921 cum

229 1955 355 2009 uultum?
376 1955 405 2020 4,
421 1956 451 2019 2;
478 1956 528 2011 hoc
551 1957 705 2013 desiderans
728 1962 759 2013 ut
829 1960 951 2016 ablativo
969 1959 995 2025 6,
1006 1960 1034 2029 2)

229 2041 257 2094 et
277 2040 331 2095 sibi
350 2040 432 2095 lieest
448 2042 518 2111 qnod
531 2042 585 2096 diis
606 2044 661 2098 suis
679 2044 759 2098 licuit
793 2045 934 2115 uestigsns
952 2046 1025 2101 canis
1043 2046 1068 2111 2,
1082 2046 1107 2099 2.
