3300 5142
535 550 615 605 Vita
631 551 656 604 S.
675 551 817 605 Martini
835 567 857 605 ο
877 549 996 608 16-18.
1265 553 1326 618 127

209 707 328 790 petrem
342 705 491 784 familiae,
514 706 568 789 qui
588 706 621 771 in
640 706 782 771 interiore
801 707 889 788 parte
901 705 1024 771 aedium
1037 706 1227 784 morabatur,
1249 705 1327 771 arri-

208 809 340 892 puisset,
362 809 478 875 saeuire
492 807 634 874 dontibus
648 809 742 873 misor
755 809 869 890 eoepit,
890 809 923 873 et
935 809 1042 873 obuios
1055 827 1189 892 quosque
1202 809 1327 874 laniare.

209 915 362 979 oommota
386 913 511 991 domus,
545 911 664 976 familia
689 911 827 990 turbate,
861 911 990 994 populns
1015 911 1049 976 in
1072 911 1180 995 fugam
1204 931 1327 976 uersus:

209 1016 361 1082 Martium
376 1035 408 1080 se
422 1014 536 1080 fineuti
550 1014 675 1094 obiecit,
691 1033 726 1079 ao
740 1014 877 1096 primum
890 1015 971 1079 stare
984 1013 1014 1078 ei
1027 1013 1166 1096 imperat.
1190 1015 1243 1079 sed
1258 1019 1357 1079 eume

189 1119 352 1185 edendune
372 1118 515 1183 fremeret
539 1117 698 1199 hiantique
723 1134 773 1182 ore
793 1134 931 1182 morsum
954 1116 1139 1195 minaretur,
1161 1116 1276 1202 digitos
1300 1117 1329 1181 ei

209 1222 362 1287 Martinus
375 1221 409 1286 in
423 1239 456 1285 os
476 1220 599 1285 intulit:
622 1220 649 1284 si
669 1220 777 1298 habes,
800 1219 917 1302 inquit,
939 1219 1057 1303 aliquid
1077 1220 1252 1303 potestatis,
1274 1221 1330 1286 bos

209 1325 330 1390 denoru.
352 1324 421 1389 tum
432 1341 512 1402 uero,
529 1342 564 1388 ao
578 1323 606 1388 si
621 1323 750 1388 candens
764 1322 880 1387 forrum
894 1321 1034 1388 fuuoibus
1048 1323 1226 1406 accepisset,
1241 1323 1358 1408 longe?

209 1427 342 1493 reductis
369 1426 511 1491 dentibus
536 1425 651 1510 digitos
676 1426 759 1491 beati
783 1424 846 1498 oiri
870 1424 990 1490 uitabat
1015 1425 1180 1510 attingere:
1202 1427 1235 1490 et
1259 1444 1331 1490 oum

209 1530 315 1614 fugere
340 1529 377 1594 de
407 1529 527 1594 obsesso
553 1546 675 1611 oorpore
701 1529 806 1611 poenis
830 1528 863 1592 et
886 1527 1071 1592 eruciatibus
1097 1529 1253 1613 eogeretur
1276 1545 1332 1594 neo

173 1633 313 1698 notamen
327 1631 407 1697 exire
421 1632 449 1696 ei
464 1650 519 1714 per
532 1649 565 1696 os
579 1631 698 1710 lioeret,
722 1630 810 1696 foede
824 1631 997 1714 relinquens
1011 1622 1144 1715 uestigia
1156 1630 1241 1696 fluxu
1255 1649 1330 1696 neu-

208 1736 265 1800 tris
280 1737 402 1820 egestus
417 1735 472 1799 est.

250 1840 370 1904 Interea
392 1857 463 1903 oum
484 1838 521 1902 de
540 1839 627 1902 motu
642 1838 739 1921 edque
759 1837 878 1919 impetu
891 1837 1089 1902 barbarorum
1103 1836 1207 1902 subita
1220 1837 1331 1902 eiuita-
1343 1833 1381 1897 lt

208 1943 273 2007 tem
287 1940 371 2006 fama
384 1940 552 2018 turbasset,
568 1941 797 2005 daemoniacum
816 1939 856 2004 ad
877 1957 909 2004 ee
927 1939 1064 2004 exbiberi
1077 1939 1178 2005 iubet:
1199 1940 1331 2022 imperat

210 2045 260 2124 ut,
294 2063 333 2108 an
357 2062 447 2108 uenus
473 2045 552 2108 esset
576 2042 628 2107 bio
651 2043 793 2120 nuntius,
827 2042 983 2107 isteretur.
1011 2043 1081 2107 tum
1106 2041 1259 2108 confessus
1285 2035 1360 2108 ests

175 2147 315 2212 ¹⁵deeem
329 2146 490 2212 daemonas
504 2163 608 2210 seeum
622 2144 732 2223 inisse,
754 2145 808 2226 qui
827 2163 980 2210 rumorem
1006 2145 1088 2210 buno
1111 2164 1165 2227 per
1183 2145 1332 2227 populum

209 2249 437 2332 dispersissent,
460 2249 496 2313 ut
509 2249 566 2312 hoo
581 2245 685 2312 sultirn
700 2247 785 2312 metu
799 2266 836 2312 ex
849 2247 905 2311 illo
918 2247 1070 2312 Martinus
1084 2247 1195 2329 oppido
1208 2247 1331 2332 fugare-

209 2351 275 2416 tur:
298 2351 440 2417 barberos
460 2351 541 2417 nihil
559 2350 662 2416 minus
683 2369 776 2433 quarn
795 2351 834 2414 de
854 2349 1021 2433 irruptione
1035 2349 1177 2434 cogitare.
1200 2350 1246 2416 ita
1259 2369 1331 2416 oum

208 2455 283 2520 hese
296 2454 464 2520 inmundus
478 2454 605 2537 spiritus
620 2455 653 2518 iu
667 2453 770 2518 media
783 2453 910 2518 eeclesia
922 2453 1084 2533 fateretur,
1106 2456 1192 2518 metu
1211 2455 1244 2518 et
1262 2454 1330 2518 tur-

209 2558 330 2624 batione
344 2557 494 2640 praesenti
509 2557 619 2622 eiuites
633 2557 762 2622 liberate
776 2558 832 2622 eet.

176 2671 230 2714 θον
253 2660 347 2743 Apud
361 2660 494 2726 Parisios
509 2678 595 2738 nero,
618 2659 693 2724 dum
708 2660 828 2743 portem
843 2659 980 2724 ciuitatis
992 2658 1079 2723 illius
1092 2659 1213 2744 maguis
1228 2669 1359 2725 seeumt

211 2764 312 2829 turbis
333 2763 475 2828 euntibus
497 2763 652 2842 introiret,
679 2761 834 2845 leprosum
854 2762 1022 2827 miserabili
1042 2762 1119 2827 isoio
1137 2763 1330 2828 horrentibus

209 2866 327 2932 eunetis
352 2865 505 2931 osculatus
537 2867 584 2930 est
609 2865 706 2948 adque
736 2865 906 2943 benedixit,
943 2865 1111 2948 statimqne
1140 2866 1224 2930 omni
1248 2866 1330 2932 melo

209 2969 401 3034 emundatum.
424 2969 544 3052 postero
559 2969 609 3034 die
624 2968 663 3033 sd
677 2967 837 3034 ecelesiam
850 2968 975 3033 ueniens
997 2967 1111 3032 nitenti
1130 2969 1200 3032 oute
1214 2969 1359 3052 gratius4

208 3091 261 3156 pro
287 3073 433 3151 sanitate,
461 3091 554 3154 quarn
578 3073 745 3153 receperat,
773 3070 893 3154 agebat.
920 3089 976 3135 nee
1001 3070 1252 3153 praetereundum
1272 3071 1329 3149 est,

174 3176 288 3260 οοοοοᾱ
302 3175 444 3241 fimbriae
459 3175 641 3240 uestimento
661 3175 727 3238 eius
748 3174 909 3256 cilicioque
929 3173 1082 3238 detraetae
1102 3173 1220 3238 erebras
1240 3191 1330 3256 super

208 3279 434 3344 infirmantibus
449 3296 535 3362 egere
556 3277 696 3342 uirtutes.
719 3297 792 3342 nam
812 3276 922 3361 digitis
942 3276 1089 3360 inligatae
1109 3278 1164 3341 eut
1183 3276 1261 3341 eollo
1280 3277 1357 3344 in-5

209 3382 291 3448 dites
306 3400 393 3462 saepe
407 3381 446 3446 sb
460 3380 688 3466 aegrotantibus
703 3381 824 3444 morbos
844 3379 1038 3464 fugauerunt.
1086 3379 1090 3386 ’

261 3584 277 3641 1
297 3583 453 3653 arripuisset
476 3583 512 3638 V:
531 3583 645 3654 arripuit
656 3583 726 3638 AFo
794 3583 812 3640 2
831 3598 948 3651 quosque
966 3583 1067 3637 AMV:
1093 3599 1269 3654 quoscumque
1284 3583 1330 3639 es

219 3671 231 3740 ΙΙ
253 3669 368 3724 laniaret
391 3669 417 3724 V
476 3671 601 3729 bmorsu
626 3668 653 3723 V
671 3670 683 3738 ΙΙ
704 3668 876 3723 minitaretur
898 3668 939 3733 A,
957 3668 1110 3722 minabatur
1128 3668 1184 3739 ΓΟ
1248 3670 1287 3728 10
1302 3670 1329 3724 ei

208 3755 278 3810 exire
289 3757 317 3810 A
338 3757 351 3824 ΙΙ
373 3755 504 3824 reliquens
519 3755 547 3810 V
590 3755 624 3812 11
639 3771 758 3824 egressus
770 3757 812 3809 eet
823 3754 861 3808 Μ
904 3754 940 3810 12
957 3756 1031 3808 metu
1042 3754 1179 3825 111⁸th
1188 3774 1215 3810 a.
1228 3757 1327 3811 Paedi-

208 3857 276 3898 nae:
294 3840 451 3895 Beubarioos
465 3840 551 3895 ediert
571 3841 642 3895 ieme
662 3839 782 3910 improba
799 3841 887 3893 motus
899 3845 945 3894 etc.
970 3841 982 3907 ΙΙ
1005 3840 1075 3894 oiuee
1091 3840 1198 3896 Veolue
1209 3857 1244 3896 ex
1254 3843 1329 3899 noro

213 3975 220 3989 .
261 3927 297 3986 13
315 3927 451 3981 turbasset
470 3928 541 3980 fama
560 3928 587 3981 A
610 3929 622 3995 Η
644 3927 744 3980 exiberi
766 3925 794 3980 V
851 3925 889 3982 14
906 3928 970 3979 tuno
991 3925 1063 3980 AVo
1127 3928 1164 3986 15
1182 3926 1271 3981 decem
1293 3929 1329 3985 de

209 4013 309 4068 Proto:
327 4013 411 4067 deeius
425 4012 459 4076 V,
478 4011 590 4068 sedecim
607 4011 679 4067 nee
697 4013 709 4080 ΙΙ
728 4011 867 4066 daemones
884 4012 1039 4066 Aoetcorr.
1049 4011 1081 4066 F
1096 4012 1108 4080 ΙΙ
1127 4027 1215 4067 seeum
1224 4013 1260 4069 V:
1276 4031 1326 4071 om.

208 4099 265 4153 rell.
284 4105 309 4154 et
326 4116 342 4153 ο
347 4119 357 4166 ,·
376 4099 411 4166 os.
424 4098 458 4152 de
470 4099 558 4153 Proto
569 4097 607 4151 od
619 4099 643 4152 b.
655 4098 672 4151 l.
737 4097 773 4153 16
791 4095 980 4166 dispersissent
991 4095 1092 4151 BMV:
1109 4097 1328 4155 disseminassent

208 4185 280 4238 AFo
301 4186 313 4252 ΙΙ
336 4185 428 4238 saltim
438 4185 505 4238 mei:
524 4184 620 4237 saltem
632 4201 648 4237 ο
659 4188 685 4237 et
696 4183 735 4237 sic
746 4183 817 4246 alias
878 4181 914 4240 17
932 4181 1030 4251 minus]
1042 4182 1146 4236 omnino
1162 4185 1189 4239 V
1207 4187 1220 4254 ΙΙ
1241 4185 1274 4240 de
1285 4185 1326 4241 in·

209 4269 330 4339 ruptione
345 4269 381 4324 V:
399 4269 578 4340 inruptionem
588 4268 660 4322 AVo
730 4267 766 4325 18
785 4266 996 4322 mediaiuAFo
1061 4267 1101 4324 20
1117 4271 1183 4338 aput
1192 4272 1281 4340 peries
1303 4273 1331 4326 V

261 4355 299 4413 23
311 4355 467 4410 emundatus
478 4354 600 4409 ABFV:
612 4353 768 4408 emundatus
780 4356 821 4408 est
832 4369 849 4407 ο
899 4352 939 4408 24
949 4368 997 4406 neo
1008 4351 1108 4408 BMV:
1119 4354 1166 4409 sed
1177 4372 1224 4411 nee
1235 4357 1279 4427 (ne
1286 4357 1328 4427 Ρ)

210 4440 259 4496 boo
270 4441 338 4496 sse
401 4442 438 4501 25
456 4441 615 4495 uestimento
625 4440 697 4494 BllI:
720 4438 875 4493 uestimenti
885 4437 995 4501 AFVo,
1013 4437 1182 4494 uestimentis
1193 4441 1228 4496 de
1236 4443 1326 4498 Proto

221 4529 234 4596 ll
255 4527 347 4584 mdiu
358 4525 479 4583 oilioioue
498 4525 597 4596 (silicio
616 4525 647 4581 F
659 4541 704 4595 pr.
717 4525 763 4595 m.)
814 4523 854 4580 26
870 4537 933 4576 nem
943 4521 1193 4592 digitis-inditae
1208 4527 1245 4581 V:
1262 4543 1325 4582 nem
