3300 5142
648 541 753 609 Epist
771 542 808 597 ll
1233 539 1297 604 233
1409 531 1412 538 ’

88 755 91 759 ,
165 699 227 758 tibi
242 700 272 758 in
286 700 340 759 hoc
353 699 524 774 blandiaris,
547 700 572 759 si
592 701 690 776 aliqua
703 720 760 762 non
775 701 891 776 feceris,
906 700 975 776 quia
989 700 1087 774 aliqua
1101 697 1217 769 feceris,
1233 711 1297 756 oum

166 802 314 876 scriptum
334 803 387 862 eit:
422 804 483 878 qui
505 803 710 864 uniuersam
733 805 847 880 legem
869 803 1091 876 seruauerit,
1125 800 1299 861 offendat

164 908 289 965 autem
311 905 347 965 in
369 923 450 978 uno,
473 907 598 967 factus
620 912 677 968 est
697 909 855 969 omnium
881 925 973 968 reus.
997 907 1089 966 Adam
1111 904 1187 964 enim
1210 901 1299 964 semel

163 1008 300 1082 peccauit
325 1011 355 1068 et
379 1012 509 1070 mortuus
532 1013 592 1070 cst:
615 1013 645 1070 et
664 1013 696 1070 tu
711 1013 741 1071 te
754 1012 853 1072 uiuere
867 1027 948 1084 posse
963 1009 1110 1070 existimas
1125 1007 1199 1066 illud
1214 1021 1298 1078 saepe

139 1112 364 1185 seommittens,
380 1114 454 1187 qnod
469 1113 576 1186 adum,
592 1114 660 1173 dum
674 1115 761 1174 semel
776 1116 983 1189 perpetrasset,
999 1108 1124 1173 occidit?
1139 1127 1177 1169 an
1191 1109 1298 1184 grande

162 1215 255 1274 illum
279 1215 451 1274 commisisse
476 1215 581 1275 crimen
606 1219 707 1290 putas,
741 1218 815 1276 unde
841 1217 941 1277 morito
966 1231 1055 1290 poena
1081 1214 1233 1274 damnatus
1259 1210 1298 1270 sit

162 1314 298 1377 acriore?
320 1318 468 1377 uideamus
481 1335 547 1393 ergo
562 1319 631 1393 quid
646 1318 758 1380 iecerit:
782 1322 880 1379 contra
894 1320 1059 1378 mandatum
1082 1317 1116 1375 de
1140 1315 1235 1375 imctu
1250 1330 1298 1374 ar·

161 1421 246 1480 boris
270 1421 337 1480 edit.
361 1421 430 1495 quid
454 1420 544 1496 ergo?
566 1425 680 1496 pmpter
694 1423 803 1483 arboris
817 1423 942 1482 fructum
957 1423 1033 1481 Deus
1047 1419 1188 1480 homiuem
1208 1418 1298 1477 morte

163 1521 330 1582 multauit?
345 1542 400 1584 non
415 1528 530 1598 propter
544 1525 653 1585 arboris
667 1525 805 1598 fructum,
821 1527 871 1585 sed
886 1527 1001 1600 propter
1011 1522 1140 1583 mandati
1151 1522 1296 1593 contemp·

123 1649 152 1689 ro
161 1630 240 1686 tum.
256 1644 322 1701 ergo
337 1645 393 1686 non
407 1628 503 1702 egitur
517 1629 552 1687 de
567 1629 707 1703 qualitate
720 1629 845 1702 peccati,
862 1629 910 1687 sed
925 1629 959 1687 de
974 1625 1199 1700 transgressione
1214 1640 1296 1682 man-

160 1731 237 1789 dati.
261 1733 291 1790 et
316 1732 366 1805 qui
391 1730 465 1789 dixit
489 1732 569 1790 Adae
593 1733 627 1790 ιι
652 1733 687 1791 de
710 1732 819 1791 arboris
839 1731 935 1791 fruotu
950 1748 1006 1790 non
1021 1730 1129 1801 ederet,
1152 1727 1213 1801 ipse
1241 1724 1296 1785 tibi

162 1833 308 1907 praecipit
322 1835 425 1922 utnon
439 1833 606 1906 maledicas,
629 1851 686 1893 non
701 1834 864 1906 mentiaris,
888 1851 944 1893 uon
958 1834 1108 1904 detrahas,
1124 1847 1181 1890 non
1196 1830 1292 1888 detra-

159 1937 281 1996 hentem
296 1936 453 2008 auscultes,
476 1939 511 1994 ιι
525 1937 638 1996 omnino
651 1954 708 1996 nou
722 1937 814 2010 iures,
837 1939 941 1996 utnon
956 1935 1153 2009 concupiscas,
1177 1949 1234 1992 non
1248 1931 1296 1990 in-

159 2040 280 2111 uideas,
302 2055 358 2098 non
373 2039 414 2098 sis
428 2039 557 2112 tepidus,
580 2056 635 2098 non
651 2039 691 2098 sis
705 2056 827 2111 auarus,
850 2041 884 2098 nt
908 2038 983 2098 nulli
1010 2037 1117 2096 malum
1142 2052 1193 2109 pro
1219 2033 1294 2094 malo

121 2164 149 2204 rs
158 2143 282 2213 reddas,
305 2142 339 2198 ut
352 2140 482 2200 inimicos
497 2144 562 2200 tuos
576 2142 697 2215 diligas,
712 2145 747 2201 ut
760 2141 996 2201 maledicentibus
1011 2139 1180 2211 benedices,
1193 2140 1227 2196 ιι
1244 2153 1295 2210 pro

158 2243 406 2305 calumniantibus
420 2246 450 2303 et
463 2261 514 2316 pro
528 2245 756 2317 persecutoribus
770 2244 829 2303 tuis
844 2261 923 2316 ores,
947 2247 981 2302 ut
994 2242 1165 2316 percutienti
1185 2240 1289 2298 maxil-

157 2350 221 2407 lam
247 2347 369 2406 alteram
394 2347 542 2420 praebeas,
565 2349 599 2405 ιι
613 2348 644 2406 in
658 2347 762 2407 iudicio
777 2346 916 2407 saeculari
931 2363 987 2405 uon
1001 2345 1114 2418 litiges,
1138 2344 1171 2403 ut
1186 2342 1211 2402 si
1227 2344 1298 2416 quis

160 2456 217 2511 tua
232 2449 344 2511 auferre
359 2449 499 2522 uoluerit,
521 2453 670 2523 gratanter
684 2450 816 2522 amittas,
841 2453 873 2508 nt
897 2466 949 2509 ιιι
974 2447 1136 2508 iracundiae
1162 2463 1213 2506 nec
1239 2447 1292 2506 zeli

160 2571 216 2614 ιιι
231 2553 333 2613 liuoris
347 2554 454 2612 malum
469 2552 546 2611 intra
560 2556 659 2626 pectus
673 2554 825 2626 admittas,
849 2555 883 2612 ιι
903 2552 1009 2612 crimen
1029 2551 1168 2610 auaritiae
1189 2549 1295 2626 fugias,

124 2667 153 2710 ao
161 2661 197 2716 ut
211 2656 306 2716 omnis
325 2655 473 2728 superbiae
487 2673 520 2714 ιι
534 2655 688 2715 iactantiae
702 2657 810 2716 malum
824 2673 942 2728 causes,
965 2657 995 2714 ιι
1019 2654 1137 2714 humilis
1160 2670 1193 2712 ιι
1213 2653 1293 2714 mitis

162 2760 273 2819 Christi
288 2758 372 2817 uiues
386 2758 528 2832 exemplo,
551 2758 689 2818 malorum
710 2760 851 2819 consortia
872 2759 901 2818 in
916 2761 1030 2818 tantum
1044 2757 1156 2829 nitens,
1179 2759 1212 2816 ut
1227 2773 1291 2816 cum

161 2861 384 2922 fornicatoribus
409 2864 460 2919 ant
483 2861 579 2920 auaris
604 2863 655 2920 aut
679 2861 913 2922 maledicentibus
928 2864 979 2920 aut
993 2859 1099 2920 inuidis
1115 2861 1167 2918 aut
1181 2861 1293 2918 detrac-

269 3044 362 3102 trae.
381 3044 408 3107 2,
429 3043 474 3099 10.

218 3217 234 3272 1
254 3214 278 3268 si
298 3213 390 3282 aliqua
412 3231 464 3268 ιιι
484 3215 503 3268 f.
525 3215 590 3283 quia
609 3213 667 3282 (qni
690 3214 729 3284 A)
752 3214 844 3283 aliqua
855 3213 949 3268 feceris
973 3213 1040 3269 Aa:
1065 3212 1129 3281 quia
1142 3211 1234 3279 eliqua
1255 3209 1293 3263 ιι-

163 3302 234 3354 ceris
254 3316 303 3354 ena
320 3301 353 3365 0,
372 3300 398 3354 si
416 3299 520 3368 aliquid
531 3316 621 3355 eorum
640 3300 734 3354 feceris
758 3299 822 3368 quia
845 3299 948 3368 aliquid
972 3315 1023 3353 ιοι
1035 3298 1128 3352 deceris
1150 3296 1185 3362 V;
1203 3295 1293 3365 aequi·

162 3393 214 3441 tar·
234 3386 333 3441 ᾱιίιᾱι
353 3388 386 3442 irc
410 3385 596 3456 thcaaerrec:
633 3385 752 3440 Audiant
777 3385 824 3454 qui
848 3383 976 3454 quaedam
1000 3385 1072 3438 mala
1092 3399 1185 3438 cauere
1208 3381 1293 3451 negli-

162 3475 234 3541 gunt
245 3471 405 3541 quibusdam
417 3472 493 3526 bonis
505 3472 664 3526 confidentes
682 3487 749 3540 qnae
761 3473 847 3540 agunt
870 3473 882 3538 11
904 3471 973 3540 eum]
986 3469 1054 3539 quod
1071 3470 1096 3525 V
1157 3471 1175 3527 2
1198 3469 1237 3523 ιιι
1249 3468 1290 3523 ed.

168 3558 288 3612 Vellet
307 3559 348 3622 rt:
362 3561 404 3612 est
428 3557 507 3612 GRV
526 3559 538 3623 11
560 3557 700 3613 offenderit
727 3557 749 3613 0
812 3557 831 3614 3
853 3557 935 3610 semel
951 3556 1022 3610 enim
1034 3555 1156 3626 peccauit
1168 3555 1245 3609 adam
1271 3553 1298 3608 V

216 3644 236 3700 4
253 3659 329 3717 posse
341 3659 390 3699 ιιι
404 3644 436 3697 Η
456 3645 469 3710 11
489 3643 645 3697 existimans
661 3643 684 3698 0
728 3643 818 3702 boum
831 3642 872 3696 ad.
890 3643 959 3698 Vall.
984 3644 1005 3712 tt
1018 3659 1052 3697 au
1064 3641 1164 3711 grande
1174 3672 1206 3680 -
1216 3640 1293 3696 blau·

163 3728 233 3784 diris
244 3732 282 3798 (p.
289 3732 354 3793 234,
366 3731 397 3797 8)
407 3745 456 3784 ora.
464 3730 491 3782 A
538 3729 556 3785 6
568 3728 664 3784 merito
675 3744 760 3798 poena
771 3728 913 3783 demnatum
926 3728 964 3782 sit
975 3727 1109 3782 acrioriH
1116 3733 1141 3782 et
1153 3727 1194 3782 ecl.
1205 3725 1291 3781 Vult:

162 3815 261 3868 merito
272 3831 303 3869 ιι
314 3815 372 3868 iure
383 3813 548 3869 damnandus
565 3814 602 3868 sit
618 3815 659 3879 R,
683 3815 779 3869 merito
792 3831 822 3869 ac
834 3814 914 3884 digne
927 3813 965 3868 sit
976 3813 1118 3868 damnatus
1135 3813 1170 3878 V,
1195 3811 1292 3865 merite

164 3913 196 3953 ac
207 3900 265 3954 inre
276 3900 358 3968 (iuste
370 3901 396 3964 b)
407 3900 549 3954 damnatus
561 3903 603 3954 est
624 3901 647 3956 0
714 3901 731 3958 7
744 3900 808 3968 quid
832 3901 926 3954 fecerit
946 3902 1038 3954 contra
1059 3898 1222 3953 mandatum
1251 3897 1290 3951 De

164 3983 254 4040 frnctn
265 3986 396 4040 distiterit
407 3986 569 4040 Holeteniaa
629 3987 666 4042 10
683 3986 774 4056 agitur
792 3986 849 4039 iam
865 3985 897 4040 de
914 3986 940 4041 V
959 3986 972 4054 11
994 3984 1114 4039 mandati
1130 3983 1192 4038 CR:
1215 3998 1291 4052 prae·

164 4072 236 4139 cepti
252 4071 278 4125 V
323 4070 358 4127 11
372 4071 461 4125 fructd
472 4072 501 4127 R
549 4072 585 4128 12
596 4071 711 4140 precipit
721 4071 756 4128 0:
768 4071 982 4141 praecepitRVb
999 4072 1010 4137 11
1027 4085 1074 4124 ιιι
1086 4069 1257 4123 detrahentes
1271 4069 1293 4124 0

218 4157 255 4216 15
272 4159 304 4211 ιι
315 4156 478 4211 inimicos-
488 4156 628 4211 benedicas
645 4158 712 4213 RV:
737 4146 786 4212 ιιι.
809 4158 846 4226 0,·
861 4157 988 4211 additam
1000 4157 1032 4210 in
1048 4155 1086 4209 V:
1111 4157 1138 4208 et
1150 4153 1291 4208 aduersan-

164 4240 238 4296 tibus
250 4241 400 4296 benefacias
445 4243 481 4299 16
493 4259 541 4312 pro
552 4243 639 4296 om.0
684 4243 719 4299 17
733 4243 823 4297 incra.
841 4242 868 4297 V
910 4239 946 4298 18
959 4240 1148 4295 amittasRV:
1166 4240 1291 4294 remittas

169 4324 202 4389 0,
215 4325 338 4382 dimittas
351 4327 390 4382 ed.
408 4328 478 4383 Van.
538 4327 734 4384 tormentae
746 4345 777 4383 ac
789 4327 927 4397 superbiae
945 4327 967 4382 C
981 4329 993 4394 11
1010 4325 1120 4380 humilis
1133 4327 1161 4379 et
1169 4325 1246 4380 mitis
1260 4326 1289 4390 0,

165 4411 362 4468 mitisachum.
380 4414 407 4468 V
449 4415 486 4470 21
499 4413 617 4483 exemplo
629 4413 706 4468 ninas
722 4415 745 4470 G
764 4416 776 4484 11
796 4414 919 4468 deuitare
937 4414 960 4468 0
1005 4412 1042 4468 22
1061 4410 1288 4466 detrectatoribus

171 4495 204 4555 C,
217 4496 440 4553 detrectatoribus
453 4501 468 4554 b
