3300 5142
349 499 392 564 64
764 490 910 560 Sulpicii
926 490 1043 546 Seueri

348 651 438 736 pauci
453 653 546 732 atque
559 649 663 733 inopes
677 667 787 731 parum
801 647 1009 730 proficiebant,
1021 646 1115 712 donec
1124 645 1290 712 centesimo
1302 644 1365 710 fere
1379 663 1469 725 anno,

348 755 512 820 Artaxerse
522 771 592 836 rege
603 751 706 817 Persis
717 751 929 833 imperitante,
944 767 1000 833 per
1010 766 1076 828 eos,
1090 749 1145 831 qui
1156 749 1231 813 locis
1242 750 1412 832 praeerant,
1427 748 1469 813 ab

320 855 534 922 haedificando
555 853 711 920 deterriti:
733 853 848 918 etenim
867 855 936 918 tum
957 851 1047 936 Syria
1060 855 1154 934 atque
1167 851 1267 916 omnis
1281 851 1396 916 Iudaea
1408 850 1466 915 sub

347 957 511 1024 Persarum
525 957 654 1040 imperio
668 975 722 1040 per
736 956 938 1039 magistratus
950 973 986 1019 ac
999 954 1155 1039 praesides
1168 953 1340 1038 regebatur.
1368 952 1467 1037 igitur

346 1060 394 1124 his
409 1059 570 1126 eonsilium
592 1059 654 1123 fuit
675 1058 740 1143 regi
761 1058 920 1123 hrtarersi
941 1057 1088 1136 scribere,
1109 1075 1169 1122 non
1190 1057 1330 1140 oportere
1343 1056 1467 1121 Iudaeis
1491 1081 1506 1120 s

345 1163 552 1229 restituendae
573 1161 658 1226 urbis
679 1179 752 1226 suae
773 1161 893 1244 copiam
913 1160 996 1238 dari,
1017 1179 1057 1225 ne
1076 1177 1131 1243 pro
1149 1159 1325 1224 contumaci
1344 1159 1466 1243 ingenio

345 1265 510 1348 resumptis
525 1263 659 1342 uiribus,
680 1263 750 1330 aliis
764 1263 908 1347 gentibus
922 1263 1073 1346 imperare
1087 1261 1187 1339 soliti,
1207 1279 1268 1326 uon
1288 1264 1467 1345 paterentur

317 1367 402 1434 acub
418 1367 517 1432 alieno
531 1367 659 1451 imperio
673 1367 791 1450 degere.
818 1367 865 1431 ita
878 1365 1073 1449 comprobato
1088 1384 1106 1430 a
1120 1383 1191 1449 rege
1205 1365 1381 1448 praesidum
1394 1381 1467 1429 con·

346 1469 416 1534 silio
437 1468 593 1553 prohibita
614 1469 699 1534 urbis
721 1468 892 1534 aedificatio
917 1485 1012 1550 usque
1033 1468 1066 1532 in
1086 1468 1253 1532 secundum
1273 1465 1363 1532 Darii
1384 1467 1467 1551 regis

346 1591 460 1638 aunum
482 1572 580 1637 dilata
602 1575 657 1636 est.
681 1573 734 1636 sed
755 1571 813 1635 hoc
834 1573 937 1635 hacto
958 1572 1148 1654 temporum,
1175 1569 1229 1652 qui
1254 1589 1342 1654 reges
1362 1569 1506 1634 Persisro

345 1673 579 1757 imperauerint,
600 1673 782 1751 inseremus,
804 1691 864 1754 quo
877 1671 999 1738 facilius
1013 1690 1162 1738 annorum
1175 1672 1268 1738 series
1282 1673 1315 1737 in
1328 1672 1467 1737 ordinem

317 1779 486 1847 contexa
501 1777 655 1859 prodatur.
672 1775 880 1859 postDarium
888 1775 1023 1853 Medum,
1038 1794 1131 1857 quem
1144 1774 1360 1859 duodeuiginti
1373 1793 1467 1840 annos

345 1897 487 1964 regnasse
502 1877 753 1962 significauimus,
763 1876 860 1961 Cyrus
871 1895 931 1942 uno
945 1880 977 1943 et
991 1877 1123 1961 triginta
1136 1877 1334 1943 annisrerum
1348 1877 1467 1961 potitus

345 1984 400 2046 est.
418 1980 540 2064 Scythis
554 1981 671 2046 bellum
685 1979 817 2045 hierem
832 1981 864 2046 in
877 1981 993 2064 proelio
1004 1979 1125 2059 cecidit,
1141 1980 1273 2045 secundo
1287 1997 1365 2045 anno
1378 1982 1466 2063 post-

316 2101 438 2166 5quam
454 2083 638 2165 Tarquinius
653 2081 807 2166 Superbus
821 2083 936 2148 Romae
957 2101 1084 2168 regnare
1104 2083 1253 2165 coeperat.
1277 2081 1355 2165 Cyro
1375 2081 1505 2148 Cam-rs

343 2185 433 2270 byses
454 2186 536 2251 filius
560 2186 626 2252 eius
655 2187 815 2252 successit:
831 2185 974 2271 regnauit
987 2203 1081 2252 annos
1095 2203 1183 2250 vnn.
1209 2185 1262 2250 hio
1275 2203 1347 2250 cum
1360 2185 1467 2269 Aegy·

342 2291 434 2373 ptum
448 2292 540 2371 atque
555 2287 753 2372 Aethiopiam
767 2289 848 2354 hello
862 2290 1013 2373 premeret
1026 2291 1059 2353 et
1073 2287 1244 2372 subegisset
1262 2286 1422 2370 uictorque
1434 2288 1468 2352 in

343 2391 454 2456 Persas
475 2395 693 2469 rememoretur,
715 2409 787 2456 casu
808 2410 840 2454 se
855 2392 918 2473 ipse
933 2391 1110 2456 uulnerauit
1126 2409 1162 2456 er
1176 2409 1270 2473 eoque
1284 2391 1349 2456 ictu
1362 2390 1465 2472 periit.

316 2495 414 2576 apost
424 2492 516 2556 huius
526 2495 657 2558 mortem
669 2493 753 2576 magi
764 2494 824 2557 duo
836 2493 957 2570 tratres,
968 2493 1090 2558 natione
1101 2494 1195 2570 Medi,
1206 2493 1467 2559 mensesvnPer-

344 2613 448 2660 sarum
463 2613 590 2679 regnum
612 2595 818 2678 optinuerunt.
846 2596 886 2660 ad
899 2595 954 2660 hos
969 2595 1193 2661 interficiendos
1206 2597 1325 2678 septem
1337 2595 1505 2662 nobilis-so

345 2697 417 2762 simi
425 2697 536 2762 Persae
547 2697 791 2774 coniurauerunt,
807 2715 937 2779 quorum
950 2698 1090 2781 princeps
1104 2697 1166 2763 fuit
1181 2699 1293 2764 Darius
1300 2699 1467 2783 Hystaspis

344 2799 438 2878 filius,
453 2801 545 2864 nctus
560 2819 595 2863 ex
610 2799 705 2864 fratre
720 2800 858 2883 patruele
872 2799 954 2883 Cyri,
966 2801 1164 2883 omniumque
1176 2819 1323 2867 consensu
1337 2821 1466 2886 regnum

317 2903 374 2973 uei
396 2902 549 2967 delatum:
572 2903 714 2986 regnauit
736 2919 829 2967 annos
851 2921 888 2967 vr
908 2905 941 2967 et
960 2921 1043 2968 xxx.
1067 2903 1210 2970 hic'aute
1232 2903 1466 2988 quadriennium

344 3023 438 3087 quam
453 3005 620 3082 decederet,
636 3005 717 3087 apud
732 3005 947 3071 Marathonem
961 3007 1121 3090 pugnauit,
1137 3006 1333 3072 celeberrimo
1341 3005 1466 3072 Graecis

343 3108 548 3189 Romanisque
568 3107 705 3171 historiis
727 3107 848 3190 proelio.
872 3109 905 3172 id
926 3111 1048 3193 gestum
1070 3112 1139 3192 post
1159 3110 1290 3174 Romam
1310 3107 1502 3174 conditamsa

344 3227 421 3274 anno
435 3209 499 3274 fere
513 3209 719 3274 ducentesimo
733 3211 765 3274 et
780 3212 983 3295 sexagesimo,
1004 3211 1158 3277 Macerino
1172 3213 1204 3277 et
1218 3211 1379 3296 Augurino
1393 3229 1465 3276 con-

343 3311 471 3389 suhhus,
487 3311 598 3376 abhinc
611 3330 713 3390 annos,
726 3313 753 3376 si
767 3315 872 3380 tamen
882 3314 1295 3398 inuestigatioRomanorum
1307 3313 1465 3380 consulum

344 3431 404 3479 non
418 3413 540 3492 fefeiht,
556 3431 643 3480 noco
657 3433 754 3480 cxxx
769 3419 801 3481 et
816 3435 897 3482 vm:
912 3435 1001 3484 omne
1016 3417 1097 3482 enim
1111 3419 1234 3500 tempus
1245 3415 1465 3482 inStilioonem

316 3516 499 3582 sconsulem
513 3515 617 3582 direxi.
641 3520 709 3600 post
724 3519 855 3584 Darium
869 3519 980 3585 Xerses
994 3519 1071 3598 fuit,
1092 3521 1178 3602 isque
1192 3537 1252 3584 uno
1267 3522 1299 3585 et
1313 3537 1362 3584 xx
1376 3519 1465 3584 annis

447 3737 465 3793 2
483 3737 549 3791 Esra
567 3739 592 3794 3.
629 3737 731 3794 8Esra
749 3739 774 3796 6.

395 3925 575 3981 2A1taxerre
596 3926 626 3994 b,
653 3933 679 3980 et
699 3927 738 3980 cic
763 3943 868 3995 aernper
887 3927 919 3980 ia
944 3929 992 3982 boc
1012 3929 1122 3982 nomiae
1185 3929 1285 3984 3sunt
1304 3927 1462 3982 deterritib

394 4010 415 4066 4
431 4011 573 4080 regebatur
583 4013 612 4066 b:
634 4011 763 4081 agebatur
775 4013 808 4076 P,
821 4030 861 4066 an
872 4029 906 4066 cx
918 4013 1037 4081 agebat?
1049 4017 1083 4080 cf.
1097 4013 1135 4068 ad
1146 4015 1171 4080 1,
1184 4018 1230 4082 30,
1244 4019 1259 4068 1
1310 4013 1329 4070 9
1341 4016 1369 4067 et
1380 4029 1463 4082 usque

343 4095 461 4151 malebat
474 4097 508 4151 dc
519 4098 607 4152 Proto
672 4098 708 4154 12
726 4101 850 4152 contexti
861 4098 889 4151 P
952 4099 989 4155 13
1006 4099 1186 4168 significamus
1204 4100 1231 4154 P
1252 4102 1264 4168 ΙΙ
1286 4105 1341 4154 und
1357 4100 1386 4153 et
1402 4113 1463 4152 m

344 4180 421 4235 aunis
439 4183 467 4236 P
538 4184 575 4242 15
593 4185 699 4252 ceperat
716 4183 744 4236 P
816 4183 853 4239 16
871 4185 1073 4253 regnauitqueb
1146 4183 1184 4242 18
1200 4185 1258 4254 ipae
1276 4185 1314 4239 P:
1339 4185 1427 4254 ipsum
1445 4185 1462 4238 b

395 4267 433 4324 21
452 4267 573 4338 hystaspi
585 4269 613 4322 P
664 4269 702 4326 24
719 4268 877 4323 Marathona
887 4270 1005 4326 molebat
1016 4271 1050 4325 dc
1061 4272 1149 4325 Proto
1209 4270 1247 4328 26
1265 4270 1415 4325 macherino
1427 4270 1461 4335 P,

344 4365 391 4406 cra
405 4352 439 4406 dc
450 4353 540 4408 Proto
601 4353 640 4410 28
656 4359 732 4408 omne
750 4355 778 4408 P
796 4354 808 4421 ΙΙ
831 4353 990 4410 stilliconeru
1002 4357 1030 4410 P
1096 4356 1134 4413 29
1152 4371 1254 4410 exerces
1273 4357 1311 4422 P,
1329 4355 1427 4410 Xerxes
1444 4357 1462 4411 b

344 4437 558 4506 cardamas
580 4439 592 4506 ΙΙ
614 4441 909 4495 unumetxxaunosb
