3300 5142
849 549 1028 620 Appendir

743 753 910 822 Domini
931 764 972 824 ut
994 779 1124 842 supra.

413 913 558 981 Quomodo
573 912 671 986 itaque
685 916 714 973 et
729 914 843 974 diuinae
858 916 936 991 leges
951 920 980 976 et
994 917 1124 992 publicae
1136 917 1218 977 fidele
1234 933 1336 990 corpus
1350 917 1379 973 et
1394 913 1490 972 sancti·

370 1012 470 1072 beatos
484 1014 594 1074 animos
608 1032 664 1074 non
679 1017 852 1090 permittunt
867 1019 1031 1080 inhonestas
1046 1021 1177 1080 exhibere
1192 1019 1309 1079 delicias
1323 1020 1353 1077 et
1367 1016 1491 1090 uulgarcs

369 1115 453 1175 edere
473 1117 650 1190 uoluptates,
673 1119 794 1178 maxime
816 1137 881 1180 cum
901 1127 996 1181 castae
1011 1123 1169 1182 deuotionis
1184 1121 1388 1197 quodammodo
1402 1119 1490 1177 uidea-

371 1220 421 1276 tur
435 1219 555 1292 iniuria,
578 1221 604 1278 si
624 1221 690 1296 quis
710 1239 789 1282 sacro
804 1224 978 1297 baptismate
993 1228 1146 1285 renouatus
1162 1225 1192 1284 in
1212 1227 1336 1284 ueterem
1351 1222 1509 1281 lasciniane

372 1325 540 1395 reuocetur,
563 1327 674 1396 oportet
697 1325 926 1386 laudabilitatem
948 1331 1072 1387 uestmm
1102 1329 1183 1387 benis
1216 1328 1314 1386 fauere
1336 1325 1490 1400 propositis,

373 1427 405 1481 nt
420 1425 459 1497 is,
482 1426 532 1499 qui
547 1427 681 1486 beneficio
695 1427 748 1487 Dei
763 1429 842 1503 pium
857 1447 961 1490 munus
976 1432 1109 1505 indeptus
1123 1433 1183 1502 est,
1200 1431 1230 1490 in
1245 1431 1357 1489 foueam
1373 1430 1491 1487 theatra·

373 1527 429 1586 lem
444 1529 543 1588 cadere
557 1547 614 1589 non
629 1533 756 1605 cogatur.
780 1535 909 1592 nestram
925 1535 1021 1593 minen
1037 1533 1163 1593 omnium
1179 1533 1315 1592 iudicium
1337 1549 1395 1592 non
1419 1547 1491 1589 recu

372 1632 432 1702 sat,
455 1631 481 1690 ei
507 1632 581 1691 alias
606 1633 766 1709 iniungatis
794 1651 934 1709 congruas
955 1653 1005 1710 pro
1026 1636 1196 1696 necessitate
1211 1635 1370 1695 communis
1392 1633 1491 1708 patriae

373 1731 542 1794 functiones.
1500 1745 1519 1781 n

757 2405 819 2489 Vl.
846 2404 905 2488 nd
931 2405 1120 2490 Saluium.

837 2616 1040 2628 ————.

420 2817 446 2872 1.
468 2774 612 2872 Forensis
628 2812 715 2871 elatio
731 2813 785 2872 fori
801 2813 884 2871 debet
900 2813 1100 2872 exercitatione
1115 2813 1239 2882 feruere3
1269 2815 1404 2874 conuenit
1430 2815 1495 2874 enin

372 2916 489 2975 lacertis
503 2916 661 2975 industriae
676 2915 779 2974 cotidie
790 2915 981 2991 depugnantis
993 2925 1087 2974 motus
1102 2915 1205 2974 habere
1220 2916 1381 2976 terribiles:
1399 2921 1430 2977 at
1442 2934 1496 2975 cun

372 3037 474 3079 sonora
495 3018 630 3078 facundia
651 3019 776 3092 receptui
800 3019 904 3078 cecinit
926 3021 956 3077 et
979 3019 1010 3076 in
1031 3018 1122 3077 otiosa
1142 3035 1256 3076 nemora
1277 3021 1371 3093 adque
1387 3037 1496 3080 amoena

373 3121 531 3181 dinorsoria
545 3121 728 3196 semigrauit,
744 3120 877 3180 fremitus
892 3121 993 3180 inertis
1008 3123 1119 3194 oportet
1134 3122 1240 3180 abiciat
1255 3125 1284 3180 et
1299 3123 1415 3183 desinat
1430 3122 1522 3183 ines-c

372 3224 471 3284 ficacia
485 3225 625 3283 minitari.
649 3225 754 3283 scimus
768 3225 873 3282 etenim
889 3224 1060 3298 palmigeros
1075 3225 1186 3298 biiuges
1208 3225 1258 3282 ubi
1280 3243 1295 3284 e
1317 3225 1392 3286 circo
1414 3243 1496 3286 reces-

373 3328 477 3399 serint,
501 3327 679 3402 qnietissime
694 3328 851 3386 stabulari:
875 3327 941 3386 illos
956 3345 1012 3386 non
1032 3327 1108 3401 iugis
1124 3326 1258 3400 formido,
1281 3345 1337 3386 non
1353 3331 1496 3404 ambiguae

373 3431 485 3503 palmae
503 3430 677 3503 sollicitant,
700 3431 749 3489 sed
771 3430 882 3488 demum
904 3430 1014 3503 pacatis
1029 3429 1115 3488 adfixi
1130 3431 1314 3504 praesepibus
1328 3431 1431 3492 timere
1446 3433 1495 3490 ian

373 3533 504 3591 nesciunt
525 3534 713 3604 hortatorem,
738 3533 888 3592 seditiosae
908 3533 1097 3592 contentionis
1117 3533 1212 3592 dulcia
1234 3534 1370 3594 ducentes
1386 3535 1496 3595 obliuia.

374 3636 423 3693 sed
438 3638 467 3692 et
482 3635 633 3710 stipendiis
648 3635 851 3694 consummatis
866 3640 982 3708 tropaea
998 3636 1167 3708 suspendere
1191 3636 1270 3694 iuuet
1291 3637 1415 3696 militem
1440 3637 1524 3706 glo-u

373 3739 480 3797 mosum
495 3741 524 3798 ot
539 3739 682 3812 patienter
696 3754 793 3812 gerere
808 3741 992 3797 senectutem.

417 3844 445 3900 2.
469 3842 511 3900 Ac
526 3840 582 3899 tibi
596 3859 647 3900 cur
662 3842 739 3900 cordi
757 3842 797 3901 sit
811 3841 967 3901 terrificare
982 3841 1101 3902 miseros
1116 3843 1258 3914 araturae,
1282 3859 1338 3901 non
1353 3843 1440 3916 plane
1457 3843 1497 3900 iu·

373 3944 487 4018 tellego,
504 3947 534 4004 et
548 3944 686 4004 ruricolas
701 3961 777 4004 meos
792 3963 843 4003 cnr
857 3945 930 4003 uelis
945 3945 1129 4003 exhibitionis
1143 3960 1245 4017 urgere
1260 3943 1426 4018 formidine,
1447 3961 1497 4002 non

373 4064 510 4120 agnosco:
533 4047 616 4122 quasi
631 4065 698 4108 uero
713 4048 780 4106 illos
793 4047 917 4106 nesciam
934 4047 1073 4106 consolari
1097 4050 1126 4106 et
1148 4063 1165 4104 e
1186 4063 1290 4120 pauore
1315 4050 1458 4107 retrahere
1472 4051 1496 4103 el

425 4263 592 4320 2lidilaeP
642 4264 782 4334 7bisqui
795 4265 823 4319 P
885 4264 921 4320 14
939 4264 1023 4319 rectui
1037 4265 1065 4318 P
1129 4263 1166 4322 15
1183 4261 1344 4319 diuersoriae
1357 4263 1496 4334 emigranil

374 4349 413 4413 P,
432 4349 456 4402 d.
474 4349 634 4419 remigranit
649 4351 772 4406 Clericus
803 4353 816 4419 11
848 4350 957 4404 insertis
975 4351 1017 4414 P,
1037 4351 1136 4404 inertes
1149 4347 1209 4403 eud.
1284 4348 1320 4406 19
1338 4347 1498 4404 seditioeel'

426 4435 466 4492 20
483 4436 558 4490 iubet
571 4437 609 4502 P,
629 4437 705 4491 iuuat
719 4436 779 4491 edd.
856 4437 894 4493 22
913 4453 943 4492 ac
955 4436 1008 4490 tibi
1021 4439 1066 4490 tur
1078 4435 1134 4505 (uel
1146 4434 1203 4503 cnr)
1226 4433 1266 4498 P,
1285 4436 1322 4490 At
1343 4435 1395 4490 tibi
1417 4435 1497 4504 igitur

375 4521 532 4592 d'Acleery,
550 4523 593 4577 An
604 4523 658 4577 tibi
669 4523 705 4593 ig⁴
719 4523 770 4578 olii
