3300 5142
643 512 757 568 Chrorn
776 513 812 578 Π,
832 513 879 573 51.
1264 513 1326 579 105

204 684 278 766 quin
289 686 320 749 et
331 684 432 748 iurare
443 702 497 766 per
508 684 738 750 Priscillianum
750 703 873 750 summa
882 685 993 770 religio
1004 685 1182 768 putabatur.
1199 687 1233 750 at
1247 685 1330 750 iuter

203 788 323 852 nostros
338 788 521 869 perpetuum
536 787 758 852 discordiarum
774 789 891 854 bellum
905 791 1074 866 exarserat,
1096 788 1177 869 quod
1196 787 1331 871 iamper

203 888 377 972 quindecim
412 907 505 954 annos
539 889 637 955 toedio
672 891 912 956 dissensionibus
940 891 1097 975 agitatum
1124 890 1209 955 nulio
1238 891 1329 955 modo

203 991 296 1074 sopiri
325 993 455 1074 poterat.
479 994 511 1056 et
539 1011 634 1070 nuno,
663 1012 734 1058 cum
763 994 899 1059 maxime
928 993 1089 1059 discordiis
1118 993 1328 1077 episcoporum
1362 1001 1379 1056 9

97 1107 106 1114 ·
181 1094 311 1160 amaaio
324 1093 446 1160 turbari
467 1113 503 1160 ac
521 1095 644 1160 misceri
664 1099 859 1161 cernerentur
873 1098 1042 1178 cunctaque
1056 1115 1111 1180 per
1125 1115 1175 1160 eos
1190 1095 1259 1160 odio
1274 1096 1329 1160 aut

202 1196 323 1282 gratia,
347 1199 448 1274 metu,
470 1197 690 1276 inconstantia,
706 1199 839 1277 inuidia,
854 1198 1002 1276 factione,
1018 1199 1164 1277 libidine,
1185 1197 1327 1275 auaritia,

203 1290 396 1384 arrogantia,
420 1319 540 1378 somno,
563 1300 681 1366 desidia
703 1302 888 1386 deprauata,
910 1303 1064 1385 postremo
1089 1300 1193 1384 plures
1218 1300 1379 1367 asinar-10

203 1423 273 1468 sum
287 1421 399 1486 paucos
417 1405 489 1468 bene
504 1404 694 1470 consulentes
709 1405 824 1470 insanis
840 1405 975 1470 consiliis
994 1408 1026 1470 et
1040 1403 1249 1490 pertinacibus
1260 1405 1328 1468 stu-

203 1505 263 1570 diis
285 1505 458 1571 certabant:
491 1507 573 1571 iuter
600 1508 675 1572 haec
696 1507 784 1591 plebs
804 1509 864 1574 Dei
887 1510 919 1573 et
941 1509 1077 1592 optimus
1099 1527 1178 1572 unus
1200 1506 1329 1589 quisque

168 1643 194 1684 10
203 1609 313 1693 probro
328 1610 420 1689 atque
435 1609 569 1674 ludibrio
583 1609 764 1676 habebatur.

255 1847 271 1903 1
291 1850 321 1900 at
340 1848 380 1914 P,
398 1853 430 1902 ut
442 1849 511 1902 oeni.
524 1847 558 1902 aie
570 1847 671 1902 Proto:
690 1846 762 1903 acb'
819 1849 923 1906 3iedia
935 1849 1143 1905 dissentionibus
1167 1851 1195 1904 P
1261 1850 1327 1906 ret

204 1934 267 1986 tuno
288 1932 422 1986 dePruto
485 1934 504 1992 5
522 1933 611 1986 omnia
622 1949 670 1987 cra.
691 1935 731 2001 P,
746 1941 809 2002 post
827 1936 933 1989 misceri
953 1937 1033 1990 babet
1053 1937 1069 1990 b
1091 1938 1103 2004 ΙΙ
1126 1952 1156 1990 ao
1177 1935 1325 1990 deProto:

202 2020 250 2071 aut
270 2019 313 2072 Pb
383 2018 509 2074 isomuo
535 2019 609 2073 deest
630 2019 662 2073 ia
683 2019 742 2073 cdd.
766 2021 952 2087 compluries
974 2023 987 2089 t]
1009 2021 1156 2090 deprauata
1173 2023 1212 2076 P:
1231 2023 1327 2076 essent

202 2103 348 2172 deprauata
365 2105 381 2159 b
434 2103 586 2173 baptimus
598 2104 743 2173 quisqueb
797 2105 836 2162 10
853 2107 1089 2174 Psubsenbrtioae
1101 2113 1181 2162 curet.
