<?xml version="1.0" encoding="UTF-8"?>
<!DOCTYPE html PUBLIC "-//W3C//DTD XHTML 1.0 Transitional//EN"
    "http://www.w3.org/TR/xhtml1/DTD/xhtml1-transitional.dtd">
<html xmlns="http://www.w3.org/1999/xhtml" xml:lang="en" lang="en">
 <head>
  <title>
</title>
<meta http-equiv="Content-Type" content="text/html;charset=utf-8" />
  <meta name='ocr-system' content='tesseract 3.04.00' />
  <meta name='ocr-capabilities' content='ocr_page ocr_carea ocr_par ocr_line ocrx_word'/>
</head>
<body>
  <div class='ocr_page' id='page_1' title='image "./corpusscriptoru12wissgoog_0156.png"; bbox 0 0 3300 5142; ppageno 0'>
   <div class='ocr_carea' id='block_1_1' title="bbox 740 534 1018 604">
    <p class='ocr_par' dir='ltr' id='par_1_1' title="bbox 740 534 1018 604">
     <span class='ocr_line' id='line_1_1' title="bbox 740 534 1018 604; baseline 0.004 -17"><span class='ocrx_word' id='word_1_1' title='bbox 740 534 888 604; x_wconf 78' lang='lat' dir='ltr'>Sulpicii</span> <span class='ocrx_word' id='word_1_2' title='bbox 906 534 1018 588; x_wconf 83' lang='lat' dir='ltr'>Seueri</span> 
     </span>
    </p>
   </div>
   <div class='ocr_carea' id='block_1_2' title="bbox 510 1269 1242 1561">
    <p class='ocr_par' dir='ltr' id='par_1_2' title="bbox 510 1269 1242 1561">
     <span class='ocr_line' id='line_1_2' title="bbox 510 1269 1242 1369; baseline 0 -1"><span class='ocrx_word' id='word_1_3' title='bbox 510 1269 911 1369; x_wconf 80' lang='lat' dir='ltr'>EPISTVLA</span> <span class='ocrx_word' id='word_1_4' title='bbox 979 1271 1242 1368; x_wconf 81' lang='lat' dir='ltr'><strong>PRIMA.</strong></span> 
     </span>
     <span class='ocr_line' id='line_1_3' title="bbox 735 1493 1051 1561; baseline -0.006 0"><span class='ocrx_word' id='word_1_5' title='bbox 735 1493 1051 1561; x_wconf 78' lang='lat' dir='ltr'>nnuvssmvm</span> 
     </span>
    </p>
   </div>
   <div class='ocr_carea' id='block_1_3' title="bbox 286 1631 1477 3295">
    <p class='ocr_par' dir='ltr' id='par_1_3' title="bbox 290 1631 1477 1958">
     <span class='ocr_line' id='line_1_4' title="bbox 290 1631 1444 1750; baseline -0.004 -13"><span class='ocrx_word' id='word_1_6' title='bbox 290 1675 302 1737; x_wconf 96' lang='lat' dir='ltr'>l</span> <span class='ocrx_word' id='word_1_7' title='bbox 360 1631 518 1734; x_wconf 84' lang='lat' dir='ltr'>Hestcme</span> <span class='ocrx_word' id='word_1_8' title='bbox 537 1667 602 1746; x_wconf 91' lang='lat' dir='ltr'>die,</span> <span class='ocrx_word' id='word_1_9' title='bbox 625 1687 696 1733; x_wconf 90' lang='lat' dir='ltr'>cum</span> <span class='ocrx_word' id='word_1_10' title='bbox 715 1667 753 1732; x_wconf 82' lang='lat' dir='ltr'>sd</span> <span class='ocrx_word' id='word_1_11' title='bbox 775 1685 825 1732; x_wconf 90' lang='lat' dir='ltr'>me</span> <span class='ocrx_word' id='word_1_12' title='bbox 850 1667 987 1750; x_wconf 74' lang='lat' dir='ltr'>plerique</span> <span class='ocrx_word' id='word_1_13' title='bbox 1007 1667 1148 1732; x_wconf 80' lang='lat' dir='ltr'>monachi</span> <span class='ocrx_word' id='word_1_14' title='bbox 1168 1667 1340 1746; x_wconf 89' lang='lat' dir='ltr'>uenissent,</span> <span class='ocrx_word' id='word_1_15' title='bbox 1362 1668 1444 1734; x_wconf 83' lang='lat' dir='ltr'>inter</span> 
     </span>
     <span class='ocr_line' id='line_1_5' title="bbox 318 1769 1441 1855; baseline -0.002 -19"><span class='ocrx_word' id='word_1_16' title='bbox 318 1771 436 1838; x_wconf 81' lang='lat' dir='ltr'>fabulas</span> <span class='ocrx_word' id='word_1_17' title='bbox 462 1771 548 1855; x_wconf 81' lang='lat' dir='ltr'>iuges</span> <span class='ocrx_word' id='word_1_18' title='bbox 573 1770 759 1854; x_wconf 87' lang='lat' dir='ltr'>longumque</span> <span class='ocrx_word' id='word_1_19' title='bbox 785 1787 955 1835; x_wconf 89' lang='lat' dir='ltr'>sermonem</span> <span class='ocrx_word' id='word_1_20' title='bbox 978 1771 1093 1834; x_wconf 90' lang='lat' dir='ltr'>mentio</span> <span class='ocrx_word' id='word_1_21' title='bbox 1119 1769 1229 1835; x_wconf 81' lang='lat' dir='ltr'>incidit</span> <span class='ocrx_word' id='word_1_22' title='bbox 1249 1769 1348 1835; x_wconf 89' lang='lat' dir='ltr'>libelli</span> <span class='ocrx_word' id='word_1_23' title='bbox 1369 1771 1441 1848; x_wconf 93' lang='lat' dir='ltr'>mei,</span> 
     </span>
     <span class='ocr_line' id='line_1_6' title="bbox 318 1871 1477 1958; baseline -0.004 -17"><span class='ocrx_word' id='word_1_24' title='bbox 318 1894 408 1958; x_wconf 90' lang='lat' dir='ltr'>quem</span> <span class='ocrx_word' id='word_1_25' title='bbox 429 1874 466 1938; x_wconf 91' lang='lat' dir='ltr'>de</span> <span class='ocrx_word' id='word_1_26' title='bbox 486 1873 552 1938; x_wconf 80' lang='lat' dir='ltr'>uite</span> <span class='ocrx_word' id='word_1_27' title='bbox 572 1873 653 1938; x_wconf 87' lang='lat' dir='ltr'>beeti</span> <span class='ocrx_word' id='word_1_28' title='bbox 668 1873 728 1938; x_wconf 85' lang='lat' dir='ltr'>uiri</span> <span class='ocrx_word' id='word_1_29' title='bbox 744 1871 870 1938; x_wconf 81' lang='lat' dir='ltr'>Martini</span> <span class='ocrx_word' id='word_1_30' title='bbox 885 1871 1017 1954; x_wconf 87' lang='lat' dir='ltr'>episcopi</span> <span class='ocrx_word' id='word_1_31' title='bbox 1037 1872 1139 1949; x_wconf 92' lang='lat' dir='ltr'>edidi,</span> <span class='ocrx_word' id='word_1_32' title='bbox 1161 1871 1355 1955; x_wconf 88' lang='lat' dir='ltr'>studioseque</span> <span class='ocrx_word' id='word_1_33' title='bbox 1369 1893 1441 1938; x_wconf 91' lang='lat' dir='ltr'>eum</span> <span class='ocrx_word' id='word_1_34' title='bbox 1464 1897 1477 1936; x_wconf 78' lang='lat' dir='ltr'>s</span> 
     </span>
    </p>

    <p class='ocr_par' dir='ltr' id='par_1_4' title="bbox 289 1974 1441 2264">
     <span class='ocr_line' id='line_1_7' title="bbox 289 1974 1441 2060; baseline -0.005 -14"><span class='ocrx_word' id='word_1_35' title='bbox 289 1993 337 2048; x_wconf 74' lang='lat' dir='ltr'>sc</span> <span class='ocrx_word' id='word_1_36' title='bbox 351 1977 459 2044; x_wconf 90' lang='lat' dir='ltr'>multis</span> <span class='ocrx_word' id='word_1_37' title='bbox 474 1975 536 2060; x_wconf 82' lang='lat' dir='ltr'>legi</span> <span class='ocrx_word' id='word_1_38' title='bbox 548 1974 751 2040; x_wconf 89' lang='lat' dir='ltr'>libentissime</span> <span class='ocrx_word' id='word_1_39' title='bbox 761 1975 933 2041; x_wconf 75' lang='lat' dir='ltr'>audiebam.</span> <span class='ocrx_word' id='word_1_40' title='bbox 948 1975 1064 2040; x_wconf 81' lang='lat' dir='ltr'>interce</span> <span class='ocrx_word' id='word_1_41' title='bbox 1077 1975 1230 2040; x_wconf 86' lang='lat' dir='ltr'>indicetur</span> <span class='ocrx_word' id='word_1_42' title='bbox 1239 1975 1318 2040; x_wconf 87' lang='lat' dir='ltr'>mihi</span> <span class='ocrx_word' id='word_1_43' title='bbox 1329 1975 1441 2040; x_wconf 76' lang='lat' dir='ltr'>dixisse</span> 
     </span>
     <span class='ocr_line' id='line_1_8' title="bbox 317 2078 1440 2166; baseline -0.005 -18"><span class='ocrx_word' id='word_1_44' title='bbox 317 2081 468 2166; x_wconf 83' lang='lat' dir='ltr'>quendem</span> <span class='ocrx_word' id='word_1_45' title='bbox 494 2079 575 2146; x_wconf 83' lang='lat' dir='ltr'>melo</span> <span class='ocrx_word' id='word_1_46' title='bbox 600 2078 711 2162; x_wconf 85' lang='lat' dir='ltr'>spiritu</span> <span class='ocrx_word' id='word_1_47' title='bbox 737 2078 936 2156; x_wconf 86' lang='lat' dir='ltr'>suscitatum,</span> <span class='ocrx_word' id='word_1_48' title='bbox 959 2097 1013 2143; x_wconf 87' lang='lat' dir='ltr'>cur</span> <span class='ocrx_word' id='word_1_49' title='bbox 1037 2078 1204 2156; x_wconf 78' lang='lat' dir='ltr'>Martinus,</span> <span class='ocrx_word' id='word_1_50' title='bbox 1227 2078 1281 2160; x_wconf 91' lang='lat' dir='ltr'>qui</span> <span class='ocrx_word' id='word_1_51' title='bbox 1302 2080 1440 2144; x_wconf 88' lang='lat' dir='ltr'>mortuos</span> 
     </span>
     <span class='ocr_line' id='line_1_9' title="bbox 315 2181 1440 2264; baseline -0.004 -14"><span class='ocrx_word' id='word_1_52' title='bbox 315 2185 511 2261; x_wconf 69' lang='lat' dir='ltr'>suscitasset,</span> <span class='ocrx_word' id='word_1_53' title='bbox 534 2181 674 2248; x_wconf 75' lang='lat' dir='ltr'>flammas</span> <span class='ocrx_word' id='word_1_54' title='bbox 689 2181 831 2247; x_wconf 88' lang='lat' dir='ltr'>domibus</span> <span class='ocrx_word' id='word_1_55' title='bbox 845 2181 1026 2264; x_wconf 82' lang='lat' dir='ltr'>depulisset,</span> <span class='ocrx_word' id='word_1_56' title='bbox 1049 2181 1114 2264; x_wconf 92' lang='lat' dir='ltr'>ipse</span> <span class='ocrx_word' id='word_1_57' title='bbox 1134 2200 1229 2263; x_wconf 86' lang='lat' dir='ltr'>nuper</span> <span class='ocrx_word' id='word_1_58' title='bbox 1248 2181 1377 2246; x_wconf 79' lang='lat' dir='ltr'>adustus</span> <span class='ocrx_word' id='word_1_59' title='bbox 1391 2181 1440 2246; x_wconf 94' lang='lat' dir='ltr'>in-</span> 
     </span>
    </p>

    <p class='ocr_par' dir='ltr' id='par_1_5' title="bbox 286 2283 1477 2676">
     <span class='ocr_line' id='line_1_10' title="bbox 286 2283 1440 2370; baseline -0.004 -16"><span class='ocrx_word' id='word_1_60' title='bbox 286 2287 419 2354; x_wconf 75' lang='lat' dir='ltr'>tcendio</span> <span class='ocrx_word' id='word_1_61' title='bbox 445 2286 630 2370; x_wconf 83' lang='lat' dir='ltr'>periculosae</span> <span class='ocrx_word' id='word_1_62' title='bbox 656 2285 765 2350; x_wconf 87' lang='lat' dir='ltr'>luisset</span> <span class='ocrx_word' id='word_1_63' title='bbox 790 2284 937 2350; x_wconf 80' lang='lat' dir='ltr'>obnoxius</span> <span class='ocrx_word' id='word_1_64' title='bbox 962 2284 1104 2367; x_wconf 83' lang='lat' dir='ltr'>passioni.</span> <span class='ocrx_word' id='word_1_65' title='bbox 1127 2301 1145 2348; x_wconf 95' lang='lat' dir='ltr'>o</span> <span class='ocrx_word' id='word_1_66' title='bbox 1165 2285 1277 2362; x_wconf 87' lang='lat' dir='ltr'>istum,</span> <span class='ocrx_word' id='word_1_67' title='bbox 1299 2283 1440 2367; x_wconf 87' lang='lat' dir='ltr'>quisquis</span> 
     </span>
     <span class='ocr_line' id='line_1_11' title="bbox 314 2387 1477 2472; baseline -0.004 -15"><span class='ocrx_word' id='word_1_68' title='bbox 314 2393 375 2469; x_wconf 89' lang='lat' dir='ltr'>est,</span> <span class='ocrx_word' id='word_1_69' title='bbox 399 2391 560 2456; x_wconf 87' lang='lat' dir='ltr'>miserum!</span> <span class='ocrx_word' id='word_1_70' title='bbox 585 2388 766 2452; x_wconf 87' lang='lat' dir='ltr'>Iudaeorum</span> <span class='ocrx_word' id='word_1_71' title='bbox 780 2387 813 2452; x_wconf 90' lang='lat' dir='ltr'>in</span> <span class='ocrx_word' id='word_1_72' title='bbox 827 2387 929 2451; x_wconf 89' lang='lat' dir='ltr'>uerbis</span> <span class='ocrx_word' id='word_1_73' title='bbox 949 2387 1015 2451; x_wconf 92' lang='lat' dir='ltr'>eius</span> <span class='ocrx_word' id='word_1_74' title='bbox 1034 2387 1192 2469; x_wconf 81' lang='lat' dir='ltr'>perfidiam</span> <span class='ocrx_word' id='word_1_75' title='bbox 1213 2390 1245 2452; x_wconf 89' lang='lat' dir='ltr'>et</span> <span class='ocrx_word' id='word_1_76' title='bbox 1265 2388 1348 2452; x_wconf 84' lang='lat' dir='ltr'>dicte</span> <span class='ocrx_word' id='word_1_77' title='bbox 1367 2405 1477 2472; x_wconf 79' lang='lat' dir='ltr'>cog-10</span> 
     </span>
     <span class='ocr_line' id='line_1_12' title="bbox 315 2489 1439 2573; baseline -0.004 -14"><span class='ocrx_word' id='word_1_78' title='bbox 315 2494 484 2569; x_wconf 89' lang='lat' dir='ltr'>noscimus,</span> <span class='ocrx_word' id='word_1_79' title='bbox 500 2491 554 2573; x_wconf 90' lang='lat' dir='ltr'>qui</span> <span class='ocrx_word' id='word_1_80' title='bbox 570 2491 601 2555; x_wconf 94' lang='lat' dir='ltr'>in</span> <span class='ocrx_word' id='word_1_81' title='bbox 616 2509 702 2555; x_wconf 89' lang='lat' dir='ltr'>cruce</span> <span class='ocrx_word' id='word_1_82' title='bbox 717 2490 853 2571; x_wconf 89' lang='lat' dir='ltr'>positum</span> <span class='ocrx_word' id='word_1_83' title='bbox 865 2489 1034 2554; x_wconf 90' lang='lat' dir='ltr'>Dominum</span> <span class='ocrx_word' id='word_1_84' title='bbox 1048 2489 1097 2553; x_wconf 92' lang='lat' dir='ltr'>his</span> <span class='ocrx_word' id='word_1_85' title='bbox 1112 2490 1214 2554; x_wconf 88' lang='lat' dir='ltr'>uerbis</span> <span class='ocrx_word' id='word_1_86' title='bbox 1229 2490 1439 2573; x_wconf 82' lang='lat' dir='ltr'>increpabunt:</span> 
     </span>
     <span class='ocr_line' id='line_1_13' title="bbox 316 2591 1439 2676; baseline -0.004 -14"><span class='ocrx_word' id='word_1_87' title='bbox 316 2596 413 2662; x_wconf 80' lang='lat' dir='ltr'>alios</span> <span class='ocrx_word' id='word_1_88' title='bbox 441 2593 569 2660; x_wconf 78' lang='lat' dir='ltr'>saluos</span> <span class='ocrx_word' id='word_1_89' title='bbox 596 2591 707 2670; x_wconf 83' lang='lat' dir='ltr'>fecit,</span> <span class='ocrx_word' id='word_1_90' title='bbox 740 2611 777 2657; x_wconf 93' lang='lat' dir='ltr'>se</span> <span class='ocrx_word' id='word_1_91' title='bbox 805 2593 931 2674; x_wconf 91' lang='lat' dir='ltr'>ipsum</span> <span class='ocrx_word' id='word_1_92' title='bbox 957 2592 1108 2658; x_wconf 84' lang='lat' dir='ltr'>saluum</span> <span class='ocrx_word' id='word_1_93' title='bbox 1135 2591 1260 2658; x_wconf 83' lang='lat' dir='ltr'>facere</span> <span class='ocrx_word' id='word_1_94' title='bbox 1286 2612 1357 2659; x_wconf 90' lang='lat' dir='ltr'>non</span> <span class='ocrx_word' id='word_1_95' title='bbox 1378 2611 1439 2676; x_wconf 93' lang='lat' dir='ltr'>po-</span> 
     </span>
    </p>

    <p class='ocr_par' dir='ltr' id='par_1_6' title="bbox 286 2693 1441 2880">
     <span class='ocr_line' id='line_1_14' title="bbox 286 2693 1441 2778; baseline -0.004 -13"><span class='ocrx_word' id='word_1_96' title='bbox 286 2700 402 2766; x_wconf 72' lang='lat' dir='ltr'>coest.</span> <span class='ocrx_word' id='word_1_97' title='bbox 425 2715 496 2762; x_wconf 88' lang='lat' dir='ltr'>uere</span> <span class='ocrx_word' id='word_1_98' title='bbox 516 2696 589 2773; x_wconf 90' lang='lat' dir='ltr'>iste,</span> <span class='ocrx_word' id='word_1_99' title='bbox 613 2694 797 2777; x_wconf 84' lang='lat' dir='ltr'>quicumque</span> <span class='ocrx_word' id='word_1_100' title='bbox 811 2696 876 2773; x_wconf 88' lang='lat' dir='ltr'>ost,</span> <span class='ocrx_word' id='word_1_101' title='bbox 900 2693 964 2760; x_wconf 90' lang='lat' dir='ltr'>illis</span> <span class='ocrx_word' id='word_1_102' title='bbox 979 2696 1169 2778; x_wconf 86' lang='lat' dir='ltr'>temporibus</span> <span class='ocrx_word' id='word_1_103' title='bbox 1183 2697 1274 2762; x_wconf 81' lang='lat' dir='ltr'>uetus</span> <span class='ocrx_word' id='word_1_104' title='bbox 1289 2699 1383 2776; x_wconf 87' lang='lat' dir='ltr'>essct,</span> <span class='ocrx_word' id='word_1_105' title='bbox 1405 2699 1441 2763; x_wconf 90' lang='lat' dir='ltr'>ut</span> 
     </span>
     <span class='ocr_line' id='line_1_15' title="bbox 315 2797 1439 2880; baseline -0.004 -12"><span class='ocrx_word' id='word_1_106' title='bbox 315 2801 347 2868; x_wconf 92' lang='lat' dir='ltr'>in</span> <span class='ocrx_word' id='word_1_107' title='bbox 363 2799 531 2866; x_wconf 88' lang='lat' dir='ltr'>Dominum</span> <span class='ocrx_word' id='word_1_108' title='bbox 550 2797 607 2864; x_wconf 86' lang='lat' dir='ltr'>hec</span> <span class='ocrx_word' id='word_1_109' title='bbox 627 2815 700 2862; x_wconf 90' lang='lat' dir='ltr'>uoce</span> <span class='ocrx_word' id='word_1_110' title='bbox 719 2798 870 2880; x_wconf 86' lang='lat' dir='ltr'>potuisset</span> <span class='ocrx_word' id='word_1_111' title='bbox 884 2797 997 2875; x_wconf 84' lang='lat' dir='ltr'>dicere,</span> <span class='ocrx_word' id='word_1_112' title='bbox 1014 2799 1067 2880; x_wconf 89' lang='lat' dir='ltr'>qui</span> <span class='ocrx_word' id='word_1_113' title='bbox 1081 2799 1179 2864; x_wconf 93' lang='lat' dir='ltr'>simili</span> <span class='ocrx_word' id='word_1_114' title='bbox 1193 2800 1284 2866; x_wconf 91' lang='lat' dir='ltr'>modo</span> <span class='ocrx_word' id='word_1_115' title='bbox 1299 2801 1439 2865; x_wconf 82' lang='lat' dir='ltr'>sunctum</span> 
     </span>
    </p>

    <p class='ocr_par' dir='ltr' id='par_1_7' title="bbox 286 2899 1476 3295">
     <span class='ocr_line' id='line_1_16' title="bbox 286 2899 1476 2985; baseline 0.002 -19"><span class='ocrx_word' id='word_1_116' title='bbox 286 2902 439 2970; x_wconf 78' lang='lat' dir='ltr'>bDomiui</span> <span class='ocrx_word' id='word_1_117' title='bbox 465 2899 629 2966; x_wconf 76' lang='lat' dir='ltr'>blasfemat</span> <span class='ocrx_word' id='word_1_118' title='bbox 653 2900 798 2984; x_wconf 85' lang='lat' dir='ltr'>exemplo.</span> <span class='ocrx_word' id='word_1_119' title='bbox 821 2899 897 2984; x_wconf 92' lang='lat' dir='ltr'>quid</span> <span class='ocrx_word' id='word_1_120' title='bbox 921 2918 1008 2985; x_wconf 80' lang='lat' dir='ltr'>ergo,</span> <span class='ocrx_word' id='word_1_121' title='bbox 1042 2901 1181 2984; x_wconf 89' lang='lat' dir='ltr'>quisquis</span> <span class='ocrx_word' id='word_1_122' title='bbox 1207 2920 1254 2980; x_wconf 88' lang='lat' dir='ltr'>es,</span> <span class='ocrx_word' id='word_1_123' title='bbox 1286 2902 1440 2968; x_wconf 79' lang='lat' dir='ltr'>Mmtinus</span> <span class='ocrx_word' id='word_1_124' title='bbox 1448 2919 1476 2959; x_wconf 75' lang='lat'>1⁵</span> 
     </span>
     <span class='ocr_line' id='line_1_17' title="bbox 315 3003 1441 3088; baseline -0.001 -16"><span class='ocrx_word' id='word_1_125' title='bbox 315 3007 382 3072; x_wconf 89' lang='lat' dir='ltr'>ideo</span> <span class='ocrx_word' id='word_1_126' title='bbox 397 3024 457 3072; x_wconf 93' lang='lat' dir='ltr'>uon</span> <span class='ocrx_word' id='word_1_127' title='bbox 471 3005 592 3088; x_wconf 88' lang='lat' dir='ltr'>potens,</span> <span class='ocrx_word' id='word_1_128' title='bbox 615 3003 682 3068; x_wconf 90' lang='lat' dir='ltr'>ideo</span> <span class='ocrx_word' id='word_1_129' title='bbox 697 3021 756 3069; x_wconf 92' lang='lat' dir='ltr'>nou</span> <span class='ocrx_word' id='word_1_130' title='bbox 770 3005 908 3081; x_wconf 85' lang='lat' dir='ltr'>sanctus,</span> <span class='ocrx_word' id='word_1_131' title='bbox 925 3004 997 3086; x_wconf 85' lang='lat' dir='ltr'>quis</span> <span class='ocrx_word' id='word_1_132' title='bbox 1010 3005 1058 3068; x_wconf 87' lang='lat' dir='ltr'>est</span> <span class='ocrx_word' id='word_1_133' title='bbox 1071 3005 1263 3086; x_wconf 73' lang='lat' dir='ltr'>periclitatus</span> <span class='ocrx_word' id='word_1_134' title='bbox 1278 3005 1441 3071; x_wconf 74' lang='lat' dir='ltr'>incendio?</span> 
     </span>
     <span class='ocr_line' id='line_1_18' title="bbox 314 3105 1440 3191; baseline 0 -17"><span class='ocrx_word' id='word_1_135' title='bbox 314 3127 331 3175; x_wconf 95' lang='lat' dir='ltr'>o</span> <span class='ocrx_word' id='word_1_136' title='bbox 352 3109 476 3175; x_wconf 79' lang='lat' dir='ltr'>beatum</span> <span class='ocrx_word' id='word_1_137' title='bbox 497 3110 528 3174; x_wconf 92' lang='lat' dir='ltr'>et</span> <span class='ocrx_word' id='word_1_138' title='bbox 547 3125 600 3191; x_wconf 89' lang='lat' dir='ltr'>per</span> <span class='ocrx_word' id='word_1_139' title='bbox 620 3106 722 3172; x_wconf 83' lang='lat' dir='ltr'>omnia</span> <span class='ocrx_word' id='word_1_140' title='bbox 742 3105 877 3172; x_wconf 87' lang='lat' dir='ltr'>similem</span> <span class='ocrx_word' id='word_1_141' title='bbox 897 3107 1053 3189; x_wconf 86' lang='lat' dir='ltr'>Apostolis</span> <span class='ocrx_word' id='word_1_142' title='bbox 1073 3107 1167 3172; x_wconf 86' lang='lat' dir='ltr'>etium</span> <span class='ocrx_word' id='word_1_143' title='bbox 1182 3108 1215 3172; x_wconf 92' lang='lat' dir='ltr'>in</span> <span class='ocrx_word' id='word_1_144' title='bbox 1228 3107 1278 3172; x_wconf 92' lang='lat' dir='ltr'>his</span> <span class='ocrx_word' id='word_1_145' title='bbox 1293 3109 1440 3174; x_wconf 87' lang='lat' dir='ltr'>conuiciis</span> 
     </span>
     <span class='ocr_line' id='line_1_19' title="bbox 314 3209 1440 3295; baseline -0.002 -17"><span class='ocrx_word' id='word_1_146' title='bbox 314 3213 432 3278; x_wconf 79' lang='lat' dir='ltr'>uirum!</span> <span class='ocrx_word' id='word_1_147' title='bbox 447 3228 556 3294; x_wconf 86' lang='lat' dir='ltr'>nempe</span> <span class='ocrx_word' id='word_1_148' title='bbox 569 3211 627 3276; x_wconf 92' lang='lat' dir='ltr'>hoe</span> <span class='ocrx_word' id='word_1_149' title='bbox 640 3211 672 3274; x_wconf 89' lang='lat' dir='ltr'>et</span> <span class='ocrx_word' id='word_1_150' title='bbox 685 3209 723 3275; x_wconf 91' lang='lat' dir='ltr'>de</span> <span class='ocrx_word' id='word_1_151' title='bbox 738 3209 835 3275; x_wconf 84' lang='lat' dir='ltr'>Paulo</span> <span class='ocrx_word' id='word_1_152' title='bbox 850 3209 995 3295; x_wconf 85' lang='lat' dir='ltr'>gentiles,</span> <span class='ocrx_word' id='word_1_153' title='bbox 1017 3229 1172 3276; x_wconf 88' lang='lat' dir='ltr'>cumeum</span> <span class='ocrx_word' id='word_1_154' title='bbox 1186 3211 1291 3294; x_wconf 81' lang='lat' dir='ltr'>uipera</span> <span class='ocrx_word' id='word_1_155' title='bbox 1305 3229 1440 3276; x_wconf 87' lang='lat' dir='ltr'>momor-</span> 
     </span>
    </p>
   </div>
   <div class='ocr_carea' id='block_1_4' title="bbox 417 3379 702 3444">
    <p class='ocr_par' dir='ltr' id='par_1_8' title="bbox 417 3379 702 3444">
     <span class='ocr_line' id='line_1_20' title="bbox 417 3379 702 3444; baseline -0.018 -6"><span class='ocrx_word' id='word_1_156' title='bbox 417 3381 453 3438; x_wconf 76' lang='lat'>12</span> <span class='ocrx_word' id='word_1_157' title='bbox 472 3379 570 3434; x_wconf 82' lang='lat' dir='ltr'>lletth.</span> <span class='ocrx_word' id='word_1_158' title='bbox 590 3379 636 3444; x_wconf 80' lang='lat'>27,</span> <span class='ocrx_word' id='word_1_159' title='bbox 655 3379 702 3436; x_wconf 82' lang='lat'>42.</span> 
     </span>
    </p>
   </div>
   <div class='ocr_carea' id='block_1_5' title="bbox 307 3533 1441 4555">
    <p class='ocr_par' dir='ltr' id='par_1_9' title="bbox 364 3533 1440 3606">
     <span class='ocr_line' id='line_1_21' title="bbox 364 3533 1440 3606; baseline -0.002 -11"><span class='ocrx_word' id='word_1_160' title='bbox 364 3539 382 3595; x_wconf 74' lang='lat'>2</span> <span class='ocrx_word' id='word_1_161' title='bbox 402 3537 561 3606; x_wconf 76' lang='lat' dir='ltr'>Epistulam</span> <span class='ocrx_word' id='word_1_162' title='bbox 581 3535 618 3590; x_wconf 84' lang='lat' dir='ltr'>ud</span> <span class='ocrx_word' id='word_1_163' title='bbox 639 3533 788 3590; x_wconf 62' lang='lat' dir='ltr'>melium</span> <span class='ocrx_word' id='word_1_164' title='bbox 807 3534 940 3602; x_wconf 81' lang='lat' dir='ltr'>scriptam</span> <span class='ocrx_word' id='word_1_165' title='bbox 961 3549 1016 3588; x_wconf 80' lang='lat' dir='ltr'>esec</span> <span class='ocrx_word' id='word_1_166' title='bbox 1035 3542 1153 3604; x_wconf 81' lang='lat' dir='ltr'>apparet</span> <span class='ocrx_word' id='word_1_167' title='bbox 1173 3553 1208 3591; x_wconf 76' lang='lat' dir='ltr'>cx</span> <span class='ocrx_word' id='word_1_168' title='bbox 1228 3537 1303 3592; x_wconf 80' lang='lat' dir='ltr'>Diei.</span> <span class='ocrx_word' id='word_1_169' title='bbox 1323 3537 1363 3601; x_wconf 85' lang='lat' dir='ltr'>II,</span> <span class='ocrx_word' id='word_1_170' title='bbox 1381 3541 1407 3602; x_wconf 85' lang='lat'>9,</span> <span class='ocrx_word' id='word_1_171' title='bbox 1421 3541 1440 3592; x_wconf 81' lang='lat'><em>⁵</em></span> 
     </span>
    </p>

    <p class='ocr_par' dir='ltr' id='par_1_10' title="bbox 368 3621 1439 3692">
     <span class='ocr_line' id='line_1_22' title="bbox 368 3621 1439 3692; baseline -0.001 -13"><span class='ocrx_word' id='word_1_172' title='bbox 368 3623 386 3680; x_wconf 89' lang='grc'><strong>3</strong></span> <span class='ocrx_word' id='word_1_173' title='bbox 405 3621 549 3692; x_wconf 72' lang='lat' dir='ltr'>Hesterno]</span> <span class='ocrx_word' id='word_1_174' title='bbox 562 3621 651 3690; x_wconf 73' lang='lat' dir='ltr'>Epist.</span> <span class='ocrx_word' id='word_1_175' title='bbox 671 3621 692 3674; x_wconf 90' lang='lat' dir='ltr'><strong><em>I</em></strong></span> <span class='ocrx_word' id='word_1_176' title='bbox 704 3626 730 3674; x_wconf 77' lang='lat' dir='ltr'>ct</span> <span class='ocrx_word' id='word_1_177' title='bbox 746 3621 785 3674; x_wconf 90' lang='grc' dir='ltr'><em>Π</em></span> <span class='ocrx_word' id='word_1_178' title='bbox 793 3625 819 3674; x_wconf 84' lang='lat' dir='ltr'>ct</span> <span class='ocrx_word' id='word_1_179' title='bbox 827 3621 956 3687; x_wconf 76' lang='lat' dir='ltr'>priorum</span> <span class='ocrx_word' id='word_1_180' title='bbox 966 3627 1074 3688; x_wconf 77' lang='lat' dir='ltr'>portem</span> <span class='ocrx_word' id='word_1_181' title='bbox 1085 3623 1182 3676; x_wconf 73' lang='lat' dir='ltr'>tertiae</span> <span class='ocrx_word' id='word_1_182' title='bbox 1193 3637 1252 3677; x_wconf 78' lang='lat' dir='ltr'>non</span> <span class='ocrx_word' id='word_1_183' title='bbox 1263 3623 1362 3677; x_wconf 73' lang='lat' dir='ltr'>tabent</span> <span class='ocrx_word' id='word_1_184' title='bbox 1374 3623 1439 3677; x_wconf 84' lang='grc' dir='ltr'>ΒΜ</span> 
     </span>
    </p>

    <p class='ocr_par' dir='ltr' id='par_1_11' title="bbox 318 3703 1441 3866">
     <span class='ocr_line' id='line_1_23' title="bbox 365 3703 1435 3779; baseline 0.002 -16"><span class='ocrx_word' id='word_1_185' title='bbox 365 3709 383 3770; x_wconf 88' lang='lat'>5</span> <span class='ocrx_word' id='word_1_186' title='bbox 402 3709 518 3779; x_wconf 87' lang='lat' dir='ltr'>episcopi</span> <span class='ocrx_word' id='word_1_187' title='bbox 534 3707 571 3762; x_wconf 83' lang='lat' dir='ltr'>V.-</span> <span class='ocrx_word' id='word_1_188' title='bbox 591 3722 640 3761; x_wconf 82' lang='lat' dir='ltr'>om.</span> <span class='ocrx_word' id='word_1_189' title='bbox 654 3705 725 3760; x_wconf 78' lang='lat' dir='ltr'>AFo</span> <span class='ocrx_word' id='word_1_190' title='bbox 776 3703 794 3761; x_wconf 85' lang='grc'><strong>7</strong></span> <span class='ocrx_word' id='word_1_191' title='bbox 813 3704 975 3759; x_wconf 75' lang='lat' dir='ltr'>concitatum</span> <span class='ocrx_word' id='word_1_192' title='bbox 987 3709 1007 3760; x_wconf 81' lang='lat'><strong><em>2</em></strong></span> <span class='ocrx_word' id='word_1_193' title='bbox 1018 3706 1094 3761; x_wconf 83' lang='lat' dir='ltr'>codd.</span> <span class='ocrx_word' id='word_1_194' title='bbox 1107 3707 1174 3772; x_wconf 76' lang='lat' dir='ltr'>Gis,</span> <span class='ocrx_word' id='word_1_195' title='bbox 1186 3709 1353 3763; x_wconf 77' lang='lat' dir='ltr'>sciscitatum</span> <span class='ocrx_word' id='word_1_196' title='bbox 1365 3713 1435 3766; x_wconf 72' lang='lat' dir='ltr'>coni</span> 
     </span>
     <span class='ocr_line' id='line_1_24' title="bbox 318 3790 1441 3866; baseline 0 -14"><span class='ocrx_word' id='word_1_197' title='bbox 318 3797 399 3854; x_wconf 71' lang='lat' dir='ltr'>Gsbel.</span> <span class='ocrx_word' id='word_1_198' title='bbox 423 3795 509 3850; x_wconf 82' lang='lat' dir='ltr'>delete</span> <span class='ocrx_word' id='word_1_199' title='bbox 529 3793 640 3856; x_wconf 83' lang='lat' dir='ltr'>dixisse,</span> <span class='ocrx_word' id='word_1_200' title='bbox 659 3797 689 3847; x_wconf 79' lang='lat' dir='ltr'>ut</span> <span class='ocrx_word' id='word_1_201' title='bbox 701 3809 728 3846; x_wconf 81' lang='lat' dir='ltr'>o.</span> <span class='ocrx_word' id='word_1_202' title='bbox 742 3790 776 3846; x_wconf 86' lang='lat' dir='ltr'>de</span> <span class='ocrx_word' id='word_1_203' title='bbox 788 3791 878 3845; x_wconf 82' lang='lat' dir='ltr'>Proto</span> <span class='ocrx_word' id='word_1_204' title='bbox 948 3791 987 3848; x_wconf 91' lang='grc'>10</span> <span class='ocrx_word' id='word_1_205' title='bbox 1003 3792 1114 3861; x_wconf 75' lang='lat' dir='ltr'>perfidie</span> <span class='ocrx_word' id='word_1_206' title='bbox 1129 3794 1156 3847; x_wconf 87' lang='lat' dir='ltr'><strong><em>V</em></strong></span> <span class='ocrx_word' id='word_1_207' title='bbox 1222 3796 1257 3853; x_wconf 96' lang='grc'>11</span> <span class='ocrx_word' id='word_1_208' title='bbox 1277 3795 1397 3866; x_wconf 82' lang='lat' dir='ltr'>increpet</span> <span class='ocrx_word' id='word_1_209' title='bbox 1411 3797 1441 3852; x_wconf 89' lang='lat' dir='ltr'><strong><em>V</em></strong></span> 
     </span>
    </p>

    <p class='ocr_par' dir='ltr' id='par_1_12' title="bbox 307 3875 1439 4555">
     <span class='ocr_line' id='line_1_25' title="bbox 365 3875 1439 3948; baseline 0 -11"><span class='ocrx_word' id='word_1_210' title='bbox 365 3885 401 3943; x_wconf 85' lang='lat'>13</span> <span class='ocrx_word' id='word_1_211' title='bbox 420 3899 481 3937; x_wconf 87' lang='lat' dir='ltr'>uero</span> <span class='ocrx_word' id='word_1_212' title='bbox 502 3881 555 3934; x_wconf 88' lang='lat' dir='ltr'>iste</span> <span class='ocrx_word' id='word_1_213' title='bbox 575 3897 599 3948; x_wconf 91' lang='lat' dir='ltr'>q.</span> <span class='ocrx_word' id='word_1_214' title='bbox 622 3879 663 3932; x_wconf 86' lang='lat' dir='ltr'>est</span> <span class='ocrx_word' id='word_1_215' title='bbox 684 3876 741 3931; x_wconf 87' lang='lat' dir='ltr'>illis</span> <span class='ocrx_word' id='word_1_216' title='bbox 761 3876 796 3936; x_wconf 79' lang='lat' dir='ltr'>(si</span> <span class='ocrx_word' id='word_1_217' title='bbox 816 3875 874 3930; x_wconf 88' lang='lat' dir='ltr'>illis</span> <span class='ocrx_word' id='word_1_218' title='bbox 895 3878 977 3946; x_wconf 84' lang='lat' dir='ltr'>corr.)</span> <span class='ocrx_word' id='word_1_219' title='bbox 987 3878 1068 3947; x_wconf 88' lang='lat' dir='ltr'>temp.</span> <span class='ocrx_word' id='word_1_220' title='bbox 1081 3881 1162 3932; x_wconf 84' lang='lat' dir='ltr'>ustus</span> <span class='ocrx_word' id='word_1_221' title='bbox 1173 3883 1245 3934; x_wconf 83' lang='lat' dir='ltr'>esset</span> <span class='ocrx_word' id='word_1_222' title='bbox 1257 3884 1288 3934; x_wconf 88' lang='lat' dir='ltr'>ut</span> <span class='ocrx_word' id='word_1_223' title='bbox 1300 3881 1329 3935; x_wconf 93' lang='lat' dir='ltr'>in</span> <span class='ocrx_word' id='word_1_224' title='bbox 1341 3882 1373 3936; x_wconf 89' lang='lat' dir='ltr'>D.</span> <span class='ocrx_word' id='word_1_225' title='bbox 1386 3881 1439 3938; x_wconf 73' lang='lat' dir='ltr'>hoc</span> 
     </span>
     <span class='ocr_line' id='line_1_26' title="bbox 312 3961 1439 4040; baseline -0.003 -14"><span class='ocrx_word' id='word_1_226' title='bbox 312 3987 374 4026; x_wconf 85' lang='lat' dir='ltr'>uoce</span> <span class='ocrx_word' id='word_1_227' title='bbox 387 3968 519 4040; x_wconf 89' lang='lat' dir='ltr'>potuisset</span> <span class='ocrx_word' id='word_1_228' title='bbox 530 3965 617 4020; x_wconf 88' lang='lat' dir='ltr'>dicere</span> <span class='ocrx_word' id='word_1_229' title='bbox 629 3963 676 4033; x_wconf 92' lang='lat' dir='ltr'>qui</span> <span class='ocrx_word' id='word_1_230' title='bbox 692 3963 730 4018; x_wconf 87' lang='lat' dir='ltr'>V:</span> <span class='ocrx_word' id='word_1_231' title='bbox 749 3961 816 4016; x_wconf 86' lang='lat' dir='ltr'>Vere</span> <span class='ocrx_word' id='word_1_232' title='bbox 829 3961 907 4031; x_wconf 76' lang='lat' dir='ltr'>plene</span> <span class='ocrx_word' id='word_1_233' title='bbox 918 3962 972 4016; x_wconf 84' lang='lat' dir='ltr'>iste</span> <span class='ocrx_word' id='word_1_234' title='bbox 984 3978 1008 4032; x_wconf 92' lang='lat' dir='ltr'>q.</span> <span class='ocrx_word' id='word_1_235' title='bbox 1021 3966 1064 4017; x_wconf 86' lang='lat' dir='ltr'>cst</span> <span class='ocrx_word' id='word_1_236' title='bbox 1074 3964 1099 4017; x_wconf 90' lang='lat' dir='ltr'>si</span> <span class='ocrx_word' id='word_1_237' title='bbox 1111 3965 1169 4018; x_wconf 87' lang='lat' dir='ltr'>illis</span> <span class='ocrx_word' id='word_1_238' title='bbox 1180 3968 1261 4036; x_wconf 85' lang='lat' dir='ltr'>temp.</span> <span class='ocrx_word' id='word_1_239' title='bbox 1274 3969 1354 4022; x_wconf 80' lang='lat' dir='ltr'>nutus</span> <span class='ocrx_word' id='word_1_240' title='bbox 1365 3971 1439 4022; x_wconf 85' lang='lat' dir='ltr'>esset</span> 
     </span>
     <span class='ocr_line' id='line_1_27' title="bbox 311 4045 1436 4121; baseline -0.002 -10"><span class='ocrx_word' id='word_1_241' title='bbox 311 4061 338 4112; x_wconf 85' lang='lat' dir='ltr'>et</span> <span class='ocrx_word' id='word_1_242' title='bbox 351 4057 378 4110; x_wconf 89' lang='lat' dir='ltr'>iu</span> <span class='ocrx_word' id='word_1_243' title='bbox 390 4055 422 4110; x_wconf 91' lang='lat' dir='ltr'>D.</span> <span class='ocrx_word' id='word_1_244' title='bbox 435 4055 486 4108; x_wconf 81' lang='lat' dir='ltr'>huc</span> <span class='ocrx_word' id='word_1_245' title='bbox 497 4067 560 4107; x_wconf 86' lang='lat' dir='ltr'>uoce</span> <span class='ocrx_word' id='word_1_246' title='bbox 571 4050 658 4105; x_wconf 85' lang='lat' dir='ltr'>dicere</span> <span class='ocrx_word' id='word_1_247' title='bbox 670 4047 723 4117; x_wconf 88' lang='lat' dir='ltr'>(uti</span> <span class='ocrx_word' id='word_1_248' title='bbox 732 4048 769 4117; x_wconf 82' lang='lat' dir='ltr'>A)</span> <span class='ocrx_word' id='word_1_249' title='bbox 781 4045 913 4116; x_wconf 84' lang='lat' dir='ltr'>potuisset</span> <span class='ocrx_word' id='word_1_250' title='bbox 921 4048 968 4116; x_wconf 88' lang='lat' dir='ltr'>qui</span> <span class='ocrx_word' id='word_1_251' title='bbox 977 4049 1049 4103; x_wconf 79' lang='lat' dir='ltr'>AFo</span> <span class='ocrx_word' id='word_1_252' title='bbox 1057 4052 1196 4106; x_wconf 74' lang='lat' dir='ltr'>sententie</span> <span class='ocrx_word' id='word_1_253' title='bbox 1203 4052 1290 4120; x_wconf 78' lang='lat' dir='ltr'>plone</span> <span class='ocrx_word' id='word_1_254' title='bbox 1295 4069 1436 4121; x_wconf 64' lang='lat' dir='ltr'>pauorem</span> 
     </span>
     <span class='ocr_line' id='line_1_28' title="bbox 311 4133 1438 4208; baseline -0.004 -9"><span class='ocrx_word' id='word_1_255' title='bbox 311 4139 470 4199; x_wconf 69' lang='lat' dir='ltr'>&amp;modom</span> <span class='ocrx_word' id='word_1_256' title='bbox 489 4139 657 4207; x_wconf 64' lang='lat' dir='ltr'>emptorum</span> <span class='ocrx_word' id='word_1_257' title='bbox 677 4133 734 4189; x_wconf 82' lang='lat' dir='ltr'>cod.</span> <span class='ocrx_word' id='word_1_258' title='bbox 756 4133 853 4202; x_wconf 81' lang='lat' dir='ltr'>optimi</span> <span class='ocrx_word' id='word_1_259' title='bbox 871 4133 1006 4190; x_wconf 72' lang='lat' dir='ltr'>heodicio</span> <span class='ocrx_word' id='word_1_260' title='bbox 1019 4135 1150 4190; x_wconf 69' lang='lat' dir='ltr'>Semne:</span> <span class='ocrx_word' id='word_1_261' title='bbox 1171 4137 1237 4203; x_wconf 85' lang='lat' dir='ltr'>iste,</span> <span class='ocrx_word' id='word_1_262' title='bbox 1256 4140 1303 4208; x_wconf 89' lang='lat' dir='ltr'>qui</span> <span class='ocrx_word' id='word_1_263' title='bbox 1315 4142 1438 4194; x_wconf 74' lang='lat' dir='ltr'>sunctum</span> 
     </span>
     <span class='ocr_line' id='line_1_29' title="bbox 309 4219 1439 4296; baseline -0.002 -13"><span class='ocrx_word' id='word_1_264' title='bbox 309 4225 417 4284; x_wconf 89' lang='lat' dir='ltr'>Domini</span> <span class='ocrx_word' id='word_1_265' title='bbox 430 4223 599 4294; x_wconf 74' lang='lat' dir='ltr'>blasphemet</span> <span class='ocrx_word' id='word_1_266' title='bbox 610 4219 740 4288; x_wconf 83' lang='lat' dir='ltr'>exemplo,</span> <span class='ocrx_word' id='word_1_267' title='bbox 759 4221 832 4273; x_wconf 85' lang='lat' dir='ltr'>recte</span> <span class='ocrx_word' id='word_1_268' title='bbox 843 4219 905 4288; x_wconf 82' lang='lat' dir='ltr'>(boc</span> <span class='ocrx_word' id='word_1_269' title='bbox 916 4220 990 4274; x_wconf 72' lang='lat' dir='ltr'>enim</span> <span class='ocrx_word' id='word_1_270' title='bbox 1001 4222 1076 4276; x_wconf 69' lang='lat' dir='ltr'>odet</span> <span class='ocrx_word' id='word_1_271' title='bbox 1087 4237 1149 4276; x_wconf 84' lang='lat' dir='ltr'>uere</span> <span class='ocrx_word' id='word_1_272' title='bbox 1160 4225 1185 4279; x_wconf 77' lang='grc' dir='ltr'>Ιι</span> <span class='ocrx_word' id='word_1_273' title='bbox 1198 4225 1229 4293; x_wconf 83' lang='lat'>1.)</span> <span class='ocrx_word' id='word_1_274' title='bbox 1241 4224 1299 4279; x_wconf 92' lang='lat' dir='ltr'>illis</span> <span class='ocrx_word' id='word_1_275' title='bbox 1310 4227 1439 4296; x_wconf 84' lang='lat' dir='ltr'>tempori·</span> 
     </span>
     <span class='ocr_line' id='line_1_30' title="bbox 308 4305 1439 4376; baseline -0.002 -7"><span class='ocrx_word' id='word_1_276' title='bbox 308 4313 358 4370; x_wconf 89' lang='lat' dir='ltr'>bus</span> <span class='ocrx_word' id='word_1_277' title='bbox 379 4313 459 4366; x_wconf 84' lang='lat' dir='ltr'>uetus</span> <span class='ocrx_word' id='word_1_278' title='bbox 480 4311 550 4364; x_wconf 82' lang='lat' dir='ltr'>esset</span> <span class='ocrx_word' id='word_1_279' title='bbox 570 4309 600 4376; x_wconf 79' lang='grc'>(1.</span> <span class='ocrx_word' id='word_1_280' title='bbox 623 4323 643 4360; x_wconf 83' lang='lat' dir='ltr'>c.</span> <span class='ocrx_word' id='word_1_281' title='bbox 664 4305 722 4360; x_wconf 74' lang='lat' dir='ltr'>oto</span> <span class='ocrx_word' id='word_1_282' title='bbox 742 4309 821 4374; x_wconf 78' lang='lat' dir='ltr'>temp.</span> <span class='ocrx_word' id='word_1_283' title='bbox 840 4306 919 4360; x_wconf 73' lang='lat' dir='ltr'>nacci</span> <span class='ocrx_word' id='word_1_284' title='bbox 931 4305 1088 4375; x_wconf 63' lang='lat' dir='ltr'>moueat),</span> <span class='ocrx_word' id='word_1_285' title='bbox 1107 4310 1439 4367; x_wconf 80' lang='lat' dir='ltr'>utoccssiouemnuuctus</span> 
     </span>
     <span class='ocr_line' id='line_1_31' title="bbox 309 4388 1437 4466; baseline -0.005 -11"><span class='ocrx_word' id='word_1_286' title='bbox 309 4402 380 4456; x_wconf 86' lang='lat' dir='ltr'>essot</span> <span class='ocrx_word' id='word_1_287' title='bbox 391 4398 441 4453; x_wconf 86' lang='lat' dir='ltr'>hee</span> <span class='ocrx_word' id='word_1_288' title='bbox 453 4412 515 4450; x_wconf 87' lang='lat' dir='ltr'>uoce</span> <span class='ocrx_word' id='word_1_289' title='bbox 527 4397 557 4449; x_wconf 95' lang='lat' dir='ltr'>iu</span> <span class='ocrx_word' id='word_1_290' title='bbox 568 4392 711 4449; x_wconf 89' lang='lat' dir='ltr'>Dominum</span> <span class='ocrx_word' id='word_1_291' title='bbox 722 4388 827 4444; x_wconf 85' lang='lat' dir='ltr'>dicendi</span> <span class='ocrx_word' id='word_1_292' title='bbox 890 4390 927 4447; x_wconf 88' lang='grc'>14</span> <span class='ocrx_word' id='word_1_293' title='bbox 940 4391 1016 4446; x_wconf 90' lang='lat' dir='ltr'>modo</span> <span class='ocrx_word' id='word_1_294' title='bbox 1032 4391 1069 4448; x_wconf 88' lang='lat' dir='ltr'>V:</span> <span class='ocrx_word' id='word_1_295' title='bbox 1081 4407 1131 4448; x_wconf 80' lang='lat' dir='ltr'>om.</span> <span class='ocrx_word' id='word_1_296' title='bbox 1145 4395 1217 4449; x_wconf 80' lang='lat' dir='ltr'>AFo</span> <span class='ocrx_word' id='word_1_297' title='bbox 1270 4395 1307 4454; x_wconf 84' lang='lat'>18</span> <span class='ocrx_word' id='word_1_298' title='bbox 1319 4399 1437 4466; x_wconf 77' lang='lat' dir='ltr'>gentiles</span> 
     </span>
     <span class='ocr_line' id='line_1_32' title="bbox 307 4473 916 4555; baseline -0.021 -13"><span class='ocrx_word' id='word_1_299' title='bbox 307 4483 428 4555; x_wconf 75' lang='lat' dir='ltr'><em>AFQV:</em></span> <span class='ocrx_word' id='word_1_300' title='bbox 447 4481 562 4552; x_wconf 82' lang='lat' dir='ltr'>gentiles</span> <span class='ocrx_word' id='word_1_301' title='bbox 574 4479 646 4534; x_wconf 82' lang='lat' dir='ltr'>illio</span> <span class='ocrx_word' id='word_1_302' title='bbox 665 4481 678 4548; x_wconf 80' lang='grc' dir='ltr'>ΙΙ</span> <span class='ocrx_word' id='word_1_303' title='bbox 697 4492 757 4531; x_wconf 88' lang='lat' dir='ltr'>eum</span> <span class='ocrx_word' id='word_1_304' title='bbox 770 4491 818 4530; x_wconf 74' lang='lat' dir='ltr'>oon.</span> <span class='ocrx_word' id='word_1_305' title='bbox 832 4473 916 4544; x_wconf 75' lang='lat' dir='ltr'>AFQ</span> 
     </span>
    </p>
   </div>
   <div class='ocr_carea' id='block_1_6' title="bbox 0 0 1654 5142">
    <p class='ocr_par' dir='ltr' id='par_1_13' title="bbox 0 0 1654 5142">
     <span class='ocr_line' id='line_1_33' title="bbox 0 0 1654 5142; baseline 0 6"><span class='ocrx_word' id='word_1_306' title='bbox 0 0 1654 5142; x_wconf 95' lang='lat' dir='ltr'> </span> 
     </span>
    </p>
   </div>
  </div>
 </body>
</html>
