3300 5142
653 506 724 577 Cap.
744 506 824 565 3-5.
1261 508 1301 572 81

176 664 350 730 delectatur
364 664 514 749 hospitio,
530 664 610 747 quod
625 663 791 747 impudicis
805 662 951 729 adhaeret
965 662 1123 741 membris,
1139 662 1220 745 quod
1235 662 1303 744 pol-

175 766 244 831 luta
257 768 392 851 corporis
408 767 665 832 contaminatione
680 766 829 851 placatur.
857 767 1036 846 erubescite,
1053 784 1070 830 o
1085 766 1201 844 miseri,
1218 786 1304 831 sum·

176 870 337 935 mitatem:
354 870 447 936 aliter
461 887 516 934 uos
531 871 606 935 deus
621 869 704 935 fecit.
721 890 792 936 cum
807 869 913 935 cohors
929 871 1033 936 uestra
1048 871 1087 936 ad
1102 869 1240 934 tribunal
1254 868 1304 933 iu-

177 973 310 1039 dicantis
324 972 383 1039 Dei
409 974 584 1052 accesserit,
611 973 691 1038 nihil
705 974 867 1039 uobiscum
882 974 1022 1039 referetis
1048 973 1129 1055 quod
1143 972 1228 1038 Deus
1251 972 1305 1054 qui

142 1094 233 1146 euos
259 1075 334 1141 fecit
359 1078 514 1160 agnoscat.
545 1076 660 1143 abicite
685 1076 766 1142 hunc
780 1078 886 1142 tantae
913 1076 1104 1143 calamitatis
1124 1095 1258 1144 errorem
1273 1077 1305 1140 et

177 1178 283 1244 studia
307 1179 453 1262 profanae
479 1169 592 1247 mentis¹
619 1181 782 1264 aliquando
795 1182 940 1260 deserite,
966 1181 1063 1246 nolite
1089 1198 1198 1263 corpus
1224 1180 1305 1263 quod

178 1282 262 1347 Deus
284 1282 359 1347 fecit
375 1283 525 1350 scelerata
546 1284 662 1350 diaboli
681 1284 751 1369 lege
765 1286 928 1362 damnare,
945 1284 1176 1350 calamitatibus
1193 1282 1306 1349 uestris

178 1384 255 1450 dum
269 1385 369 1451 adhuc
380 1388 503 1469 tempus
520 1390 641 1471 patitur
657 1388 828 1453 subuenite.
844 1387 1056 1453 misericordia
1067 1387 1125 1453 Dei
1147 1386 1234 1452 diues
1249 1388 1306 1467 est,

178 1487 311 1553 libenter
332 1489 488 1573 ignoscit:
524 1491 643 1556 relictis
673 1490 842 1574 nonaginta
866 1509 979 1556 nouem
1004 1489 1115 1557 ouibus
1134 1492 1139 1574 l
1160 1491 1306 1557 amissam
1317 1520 1407 1563 11111.

144 1620 170 1661 ro
180 1591 301 1673 quaerit
315 1612 425 1673 unam,
442 1595 474 1658 et
488 1611 611 1659 reuerso
625 1596 714 1675 pater
727 1592 856 1677 prodigo
874 1592 938 1658 filio
960 1594 991 1657 et
1013 1596 1133 1659 uestem
1153 1593 1256 1658 reddit
1276 1597 1337 1659 etl

179 1696 270 1776 parat
280 1713 396 1761 cenam.
411 1696 481 1761 nolo
492 1714 548 1762 uos
564 1697 723 1779 desperare
734 1696 829 1761 faciat
841 1695 1006 1761 criminum
1020 1696 1208 1761 multitude:
1223 1697 1308 1761 Deus

181 1814 322 1862 summus
337 1818 392 1880 per
405 1798 507 1863 tilium
522 1818 615 1864 suurn
626 1799 731 1864 Iesum
746 1797 906 1863 Christum
921 1799 1082 1864 dominum
1095 1800 1237 1864 nostrum
1252 1817 1308 1863 ue·

181 1899 279 1965 lentes
290 1899 406 1967 liberat
416 1903 448 1967 et
458 1901 689 1983 paenitentibus
700 1902 981 1986 libenterignesoit,
993 1920 1050 1967 nec
1061 1902 1199 1967 multum
1210 1901 1308 1987 erigit

181 2003 218 2066 ut
232 2003 388 2088 ignoscat:
404 2004 464 2068 lide
475 2005 599 2069 tanturn
614 2007 645 2069 et
659 2005 850 2089 paenitentia
861 2004 991 2087 potestis
1002 2006 1150 2070 redimere
1163 2004 1309 2087 quicquid

145 2136 171 2177 η
182 2106 338 2171 sceleratis
353 2107 469 2172 diaboli
483 2108 731 2191 persuasionibus
745 2108 934 2191 perdidistis.

227 2210 338 2275 Persae
358 2210 390 2274 et
404 2209 491 2295 Magi
517 2229 643 2289 omnes,
670 2211 724 2294 qui
743 2211 886 2276 Persicae
911 2211 1044 2296 regionis
1064 2210 1203 2277 incolunt
1222 2210 1337 2291 linesi

182 2313 288 2398 ignem
300 2311 477 2396 praeferunt
488 2314 520 2379 et
530 2314 671 2379 omnibus
684 2314 844 2380 elementis
859 2315 964 2399 ignem
978 2315 1090 2398 putent
1102 2314 1211 2379 debere
1221 2333 1310 2397 prae-

183 2415 264 2498 poni.
295 2416 328 2480 111
343 2414 448 2499 itaque
462 2415 567 2501 ignem
578 2418 611 2481 in
626 2418 703 2483 duas
717 2417 864 2482 diuidunt
877 2417 1063 2499 potestates,
1084 2419 1229 2483 naturam
1244 2416 1310 2481 eius

184 2520 224 2585 ad
243 2521 410 2602 utrumque
436 2538 541 2585 sexum
564 2520 784 2587 transferentes
805 2524 837 2587 et
860 2521 921 2586 uiri
946 2524 978 2586 et
998 2520 1131 2587 feminae
1147 2520 1311 2585 simrdacro

148 2622 266 2707 mignis
277 2623 484 2688 substantiam
496 2623 696 2706 deputantes:
712 2625 744 2689 et
754 2624 918 2690 mulierem
930 2624 1056 2707 quidem
1070 2623 1205 2689 triformi
1220 2623 1311 2687 uultu

186 2727 379 2793 constituunt
393 2728 574 2793 monstrosis
590 2747 660 2794 eam
675 2729 868 2810 serpentibus
883 2728 1059 2813 inligantes.
1088 2728 1169 2810 quod
1182 2726 1249 2791 ideo
1264 2725 1280 2790 f
1297 2760 1312 2773 ·

186 2829 282 2909 ciunt,
297 2849 335 2895 ne
349 2830 387 2896 ab
402 2833 526 2897 auctore
541 2851 595 2897 suo
611 2832 731 2897 diabolo
747 2834 852 2915 aliqua
866 2834 985 2899 ratione
999 2832 1193 2911 dissentiant,
1209 2831 1263 2895 sed
1277 2831 1313 2909 ul

187 2934 244 2999 dea
254 2953 310 3000 sua
324 2935 516 3017 serpentibus
531 2936 689 3019 pullulans
708 2937 873 3002 macuioeis
894 2936 1010 3001 diaboli
1032 2934 1206 3020 insignibus
1222 2933 1313 2998 ador-

186 3038 285 3103 netur.
313 3038 418 3103 uirum
432 3056 505 3103 uero
520 3039 695 3105 abactorem
717 3040 834 3105 bouum
845 3039 978 3105 colentes
994 3058 1080 3104 sacra
1095 3040 1160 3103 eius
1177 3038 1216 3103 ad
1231 3037 1341 3121 ignisa

150 3176 177 3217 25
186 3141 377 3207 transferunt
390 3143 593 3225 potestatem,
609 3143 691 3209 sicut
701 3144 851 3227 propheta
867 3143 933 3209 eius
947 3142 1079 3208 tradidit
1089 3141 1178 3205 nobis
1193 3140 1313 3206 dicens:

188 3238 312 3311 Μύστα
332 3242 544 3332 peccatve,
568 3240 616 3311 vie*
647 3244 732 3326 ὀὲξιε
759 3240 885 3331 πατρὸς
914 3238 1043 3331 ἀγαυοῦ.
1064 3246 1146 3310 hunc
1163 3243 1314 3309 Mithram

188 3349 306 3428 dicunt,
323 3367 410 3414 sacra
423 3367 496 3414 uero
508 3351 574 3414 eius
588 3350 621 3414 in
632 3350 785 3432 speluncis
796 3350 912 3416 abditis
924 3350 1062 3429 tradunt,
1076 3350 1112 3414 ut
1126 3366 1246 3431 semper
1259 3346 1326 3423 ob·,

186 3470 276 3517 scuro
291 3452 488 3518 tenebrarum
499 3453 639 3535 squalore
656 3454 788 3519 demersi
799 3454 933 3539 gratiam
946 3453 1098 3536 splendidi
1110 3470 1145 3517 ac
1154 3450 1252 3517 sereni
1264 3451 1315 3515 lu·

188 3556 283 3622 minis
298 3556 407 3620 nitent.
433 3555 533 3620 odira
547 3556 684 3621 numinis
699 3557 900 3623 consecratio!
928 3575 945 3621 o
960 3555 1108 3623 barbarae
1128 3556 1209 3641 legis
1231 3554 1315 3639 fugi·

238 3728 255 3781 2
268 3726 442 3797 supinitatem
447 3727 595 3796 Wowerae,
609 3728 782 3781 insanitatem
791 3728 847 3796 (ael
857 3727 1055 3797 stupiditatem)
1064 3728 1161 3783 Oebler
1209 3724 1315 3781 101eo-

177 3815 230 3869 dit
242 3832 274 3870 a:
292 3814 444 3869 reddiditP
496 3814 531 3871 11
546 3830 652 3869 coenam
664 3832 683 3868 a
737 3814 872 3871 13111111
883 3832 913 3879 c,
927 3814 1003 3868 unde
1017 3814 1156 3869 Wowcraa
1166 3811 1281 3865 multam

188 3904 225 3959 14
240 3902 432 3971 penitentidP
484 3900 672 3957 1611111111
724 3900 759 3957 17
772 3903 800 3953 et
811 3916 893 3954 om
946 3900 1085 3969 leignon
1098 3899 1139 3952 P:
1157 3896 1282 3951 Jouema

191 3987 275 4045 19111
287 3988 427 4056 utriusque
439 4003 516 4042 sexus
529 3988 582 4055 Pa,
592 4004 639 4042 cm
647 3986 776 4041 Bursian
795 3986 808 4055 ll
829 3986 972 4040 simulacro
985 3986 1019 4053 P,
1032 3990 1064 4039 at
1076 3984 1145 4039 ccci.
1157 3982 1266 4038 chlcr:
1280 3982 1315 4034 si-

188 4076 327 4130 mulachra
338 4093 357 4129 a
409 4075 447 4131 23
464 4075 601 4145 pullulans
613 4076 756 4129 Bursian:
772 4073 908 4145 pullulant
919 4074 958 4138 P,
977 4071 1081 4141 polluta
1092 4088 1110 4125 a
1161 4070 1201 4127 24
1217 4070 1316 4123 bonurn

188 4162 227 4226 P,
246 4160 326 4215 boum
338 4162 398 4216 edd.
450 4161 487 4219 26
506 4164 547 4217 vll
560 4164 632 4224 δέξιε
645 4162 784 4216 Bursian:
801 4150 1317 4228 οΥΝΔΕΞΙΕΡ(Μικῐάβωμυστάκυ

189 4249 336 4323 dabutur
344 4246 458 4304 diedesa
470 4268 576 4322 πατρος
586 4244 692 4319 ἀγάνου
704 4249 733 4318 α)
749 4250 761 4317 ΙΙ
777 4248 887 4302 mitram
899 4248 928 4301 P
969 4245 1007 4303 29
1026 4244 1116 4298 uitent
1128 4244 1165 4298 P:
1178 4242 1288 4296 uideant
1298 4258 1317 4294 a

199 4336 213 4402 ΙΙ
232 4334 292 4389 (1111
303 4336 445 4391 Boreion:
462 4352 527 4390 nera
537 4337 577 4400 P,
596 4350 673 4391 caeca
684 4336 819 4403 a3poee1'c
832 4336 914 4388 etium
924 4347 1049 4402 peruersa
1068 4331 1114 4385 act
1134 4344 1211 4392 uana,
1233 4334 1265 4381 at
1277 4333 1317 4381 est

189 4440 215 4493 p.
230 4427 320 4490 91,18
337 4424 415 4477 uanis
428 4423 672 4478 consecrationibus
692 4424 704 4490 ΙΙ
724 4420 855 4476 barbarae
874 4422 902 4475 P
921 4424 988 4475 teate
1011 4414 1251 4484 Reifferscheidio:
1270 4429 1317 4466 ne·

190 4509 275 4567 leriae
287 4508 348 4563 edd.
361 4526 401 4565 aa
413 4508 589 4565 barbaricae?
605 4526 672 4565 noea
688 4509 818 4579 apuliam,
836 4506 909 4577 qaod
924 4504 1033 4561 11111111
1044 4504 1162 4572 Loreaa,
1175 4500 1265 4556 moires
1277 4505 1317 4554 eet

1090 4590 1111 4654 6
