3300 5142
632 528 746 585 Chron
765 527 786 592 1,
807 526 924 584 16-18.
1298 531 1339 597 19

214 685 329 750 montis
343 685 500 751 cacumine
511 684 678 750 Dominum
688 685 819 767 propter,
831 683 962 766 populus
972 683 1052 749 circa
1061 683 1125 749 ima
1138 683 1253 748 montis
1267 701 1339 749 con-

214 787 306 852 stitit.
329 786 374 852 ita
395 788 442 852 len
463 788 527 853 lats
540 787 703 870 multiplex
717 788 748 851 et
762 786 883 870 copiosa
896 786 955 851 Dei
968 785 1084 864 uerbis,
1106 788 1139 851 et
1153 805 1240 868 saepe
1253 805 1339 869 repe-

214 890 289 955 tita:
312 890 397 955 cuius
418 890 445 954 si
465 891 535 973 quis
555 890 614 955 erit
634 889 793 967 curiosior,
815 889 931 954 fontem
951 889 1054 971 ipsum
1073 890 1177 968 adeat,
1197 907 1252 954 nos
1271 908 1340 954 eam

214 991 349 1058 breuiter
362 991 607 1077 perstringimus.
627 993 697 1058 Non
710 993 814 1072 erunt,
835 992 951 1074 inquit,
972 992 1032 1056 tibi
1051 991 1097 1058 dii
1115 992 1208 1057 alieni
1221 993 1367 1074 praeterr

189 1113 280 1162 eme:
301 1113 360 1160 non
374 1095 466 1161 facies
480 1095 540 1161 tibi
553 1096 687 1161 idolum:
708 1112 767 1161 non
787 1113 890 1160 sumes
903 1112 1013 1159 nomen
1027 1094 1085 1159 Dei
1098 1094 1147 1159 tui
1161 1095 1194 1159 in
1207 1113 1338 1159 uanum:

215 1197 341 1262 sabbato
361 1199 482 1263 nullum
501 1217 577 1282 opus
597 1198 703 1263 facies:
724 1198 889 1263 honorifica
906 1198 1025 1280 patrem
1044 1199 1136 1262 tuum
1155 1199 1187 1262 et
1207 1197 1338 1262 mabam

215 1301 317 1365 tuam:
334 1319 398 1365 ooo
413 1301 543 1366 medo:
560 1319 620 1367 non
634 1301 855 1368 moechaberis:
876 1318 937 1366 non
950 1301 1069 1364 furtum
1083 1299 1190 1364 facies:
1204 1318 1264 1364 non
1278 1299 1339 1363 fal·

215 1420 284 1467 sum
308 1404 521 1469 testimonium
547 1404 627 1469 dices
649 1406 793 1469 aduersus
815 1404 988 1485 proximum
1009 1405 1115 1467 tuum:
1144 1419 1204 1466 non
1228 1419 1338 1466 concu-

214 1506 312 1587 pisces
327 1506 492 1588 quicquam
507 1507 708 1590 proximitui.

177 1627 205 1668 ro
256 1607 316 1672 His
341 1628 360 1673 a
385 1610 448 1674 Deo
474 1609 575 1688 dictis,
599 1628 670 1674 cum
696 1610 787 1674 tubae
810 1608 1101 1691 circumstreperent,
1119 1606 1275 1687 lampades
1288 1606 1337 1671 in-
1350 1610 1390 1674 18

213 1711 411 1790 ardescerent,
427 1713 564 1779 montem
578 1711 682 1777 fumus
697 1713 862 1797 obtegeret,
881 1713 1011 1795 populus
1025 1727 1095 1792 prae
1109 1710 1220 1774 timore
1233 1708 1338 1774 inber-
1370 1711 1373 1714 ’

213 1813 287 1892 ruit,
303 1815 396 1878 uerba
406 1815 464 1879 Dei
478 1833 538 1880 non
553 1815 718 1880 sustinens:
734 1816 930 1898 poposcitque
939 1833 959 1877 a
968 1813 1082 1896 Moyse,
1097 1813 1135 1876 ut
1144 1811 1204 1894 ipsi
1215 1813 1338 1877 tuntum
1473 1877 1478 1886 ,

200 1915 387 1996 loqueretur
400 1919 484 1983 Deus
504 1919 596 2000 atque
615 1918 661 1983 ita
675 1919 780 1984 andita
794 1918 833 1983 ad
847 1915 995 1997 populum
1008 1915 1142 1980 referret.
1169 1915 1269 1980 edicta
1281 1927 1366 1982 (ιιι-2

213 2018 278 2082 tem
293 2019 350 2083 Dei
376 2020 415 2084 ad
440 2021 566 2104 Moysen
590 2021 681 2086 istius
707 2021 789 2086 modi
815 2019 902 2083 eunt:
931 2017 1089 2083 Hebraeus
1112 2035 1187 2100 puer
1210 2018 1338 2100 pecunia

176 2141 203 2181 n
213 2123 335 2202 emptus
350 2140 401 2186 ser
415 2123 501 2188 annis
516 2124 643 2201 seruiet,
664 2123 819 2207 posthaec
833 2121 998 2185 liberarit:
1019 2122 1126 2203 sponte
1145 2122 1249 2186 autem
1268 2139 1337 2202 per·

214 2224 350 2288 manenti
364 2224 397 2289 in
408 2225 555 2291 seruitute
565 2226 647 2291 auris
662 2223 819 2288 forabitur.
836 2223 890 2305 qni
900 2223 1056 2288 hominem
1070 2223 1223 2302 occiderit,
1239 2223 1337 2306 capite

213 2341 322 2407 poenas
337 2327 416 2393 luet:
432 2328 485 2411 qui
505 2329 694 2410 imprudens,
715 2326 774 2390 rite
788 2325 859 2390 exul
872 2325 940 2390 erit.
967 2326 1021 2408 qui
1035 2326 1153 2409 patrem
1167 2327 1338 2390 metrumne

211 2429 380 2510 pulsauerit
399 2431 609 2496 conuiciumue
628 2430 672 2494 eis
692 2429 818 2508 dixerit,
840 2428 965 2512 capitali
984 2428 1134 2511 supplicio
1148 2427 1288 2494 afficitor.
1308 2429 1364 2498 sia

211 2532 280 2613 quis
296 2533 469 2598 Hebraeum
483 2532 663 2614 subreptum
677 2531 864 2610 uendiderit,
884 2531 978 2597 morti
992 2531 1125 2597 dabitur.
1147 2531 1174 2596 ei
1189 2531 1258 2614 quis
1272 2549 1336 2597 ser·

175 2652 288 2699 acuum
303 2635 459 2716 proprium
473 2653 632 2699 seruamue
646 2635 827 2717 percusserit
840 2653 936 2717 exque
950 2653 984 2699 eo
999 2635 1063 2698 ictu
1077 2634 1203 2711 obierit,
1219 2653 1289 2700 reus
1303 2636 1336 2700 in

211 2737 324 2801 iudicio
339 2735 399 2802 fiet.
416 2737 443 2801 si
458 2737 526 2820 quis
540 2739 664 2820 partum
678 2754 738 2803 non
752 2737 958 2803 deformatum
972 2737 1095 2802 mulieri
1105 2738 1290 2803 excusserit.
1305 2788 1312 2802 .
1326 2787 1333 2803 .

210 2838 277 2902 neci
297 2837 429 2904 dabitur.
450 2839 477 2904 si
499 2840 567 2922 quis
582 2858 669 2905 seruo
684 2840 807 2905 oculum
822 2841 877 2905 aut
891 2839 1013 2905 dentem
1032 2841 1206 2918 extorserit,
1228 2859 1334 2906 seruus

210 2940 347 3006 uindicta
360 2940 549 3007 liberabitur.
572 2945 677 3007 taurus
692 2943 720 3007 si
734 2943 890 3008 bominem
904 2943 1062 3019 occiderit,
1083 2942 1285 3025 lapidabitur:
1306 2943 1365 3008 si4

210 3043 350 3108 dominus
366 3045 462 3110 eciem
477 3045 591 3110 bestiae
602 3045 717 3111 uitium
728 3063 787 3111 non
802 3045 997 3124 consuluerit,
1012 3047 1043 3110 et
1057 3046 1122 3127 ipse
1137 3045 1333 3127 lapidabitur,

173 3159 200 3201 rs
209 3148 264 3210 aut
276 3147 374 3229 pretio
389 3167 420 3212 sc
434 3148 575 3227 redimat,
591 3149 787 3232 inquantum
802 3150 957 3214 accusator
971 3149 1148 3231 poposcerit.
1163 3148 1191 3212 si
1211 3166 1335 3214 seruum

209 3249 315 3314 tsurus
330 3250 488 3330 occiderit,
509 3252 542 3316 in
563 3252 692 3336 triginta
714 3251 899 3317 didrachmis
914 3251 1041 3333 pecunie
1055 3251 1178 3316 domino
1192 3269 1334 3317 numera·

209 3349 301 3416 bitur.
323 3353 350 3417 si
365 3353 434 3435 quis
449 3352 604 3419 defossum
623 3342 725 3419 lacum
745 3371 805 3420 non
819 3354 1007 3436 cooperuerit
1020 3372 1171 3436 pecusque
1183 3353 1217 3419 in
1231 3355 1363 3421 lacume

314 3541 332 3596 2
350 3541 428 3596 Exod
448 3542 495 3599 20.
533 3543 570 3599 14
587 3540 668 3597 Exod.
687 3541 733 3598 21.

258 3708 278 3764 4
295 3708 346 3762 Dei
359 3709 440 3764 alieni
457 3711 473 3765 b
530 3711 648 3770 5silmes
660 3713 688 3767 P
747 3712 831 3768 711011
842 3712 943 3766 occides
956 3729 1004 3768 oro.
1024 3713 1053 3766 P
1115 3713 1152 3770 13
1170 3713 1299 3768 Dominus
1317 3715 1333 3768 b

207 3793 245 3851 16
263 3795 310 3863 qui
321 3795 435 3864 prudens
447 3796 580 3852 bominem
592 3797 723 3867 Sipouics
776 3797 813 3856 18
831 3798 1031 3868 conuiciumque
1048 3799 1102 3864 Pb,
1126 3815 1174 3854 coc
1192 3799 1227 3854 de
1244 3800 1333 3854 Proto

217 3882 229 3947 ΙΙ
249 3879 403 3936 afficiturP
447 3881 487 3940 20
498 3883 572 3952 isque
584 3884 699 3938 mulctat
716 3884 807 3939 Voreclr
826 3885 839 3953 ΙΙ
858 3885 976 3939 inorab
1023 3885 1060 3942 21
1072 3885 1228 3954 excusserit]
1239 3885 1331 3941 Mod.

204 3967 250 4034 21,
262 3969 317 4020 22:
344 3967 411 4022 ‘ede
431 3969 463 4022 δὲ
482 3965 626 4039 μάχωνται
645 3965 697 4025 δύο
714 3967 814 4040 ἄνδρες
824 3974 873 4024 καὶ
891 3967 1033 4033 nordicos
1050 3977 1169 4042 γυναῖκα
1184 3973 1215 4027 ἐν
1230 3977 1334 4046 γαστρὶ

205 4051 331 4122 ἔχουσαν,
345 4058 392 4107 καὶ
401 4055 499 4125 ἐξέλθῃ
510 4053 541 4108 τὸ
554 4056 671 4110 παιδίον
682 4055 767 4124 αὐτῆς
774 4056 816 4128 μὴ
827 4059 1059 4129 decemremem,
1072 4055 1221 4127 ὲπιζὴμων
1229 4062 1333 4130 ζημιω-

204 4133 331 4205 θήσεται·
349 4136 449 4194 καθότι
464 4137 500 4195 ἂν
515 4138 631 4214 ἐπιβάλῃ
648 4141 663 4195 (1
681 4141 751 4215 ἀνὴρ
768 4145 817 4210 τῆς
831 4140 972 4213 γυναικός,
986 4141 1070 4198 δύσει
1080 4144 1152 4213 μετὰ
1168 4141 1331 4217 ἀξιώματος.

204 4223 253 4278 ἐὰν
269 4226 301 4278 δὲ
317 4225 538 4297 ἔξεικονισμένον
554 4225 588 4300 ᾖ,
607 4223 691 4282 δώσει
708 4227 802 4299 ψυχὴν
823 4229 887 4284 dne
903 4232 1003 4299 ψυχῆς.
1029 4229 1177 4298 Sempkeu't
1191 4231 1227 4286 dc
1242 4233 1332 4286 Proto

204 4310 355 4365 secondom
366 4311 518 4366 Mum:
537 4313 561 4366 si
582 4313 642 4382 quis
662 4317 768 4383 partum
788 4329 841 4369 non
861 4315 1038 4370 deformatum
1057 4316 1165 4370 mulieri
1177 4319 1330 4380 excusserit,

207 4395 332 4463 [multam
344 4397 452 4466 pendet;
471 4398 495 4452 si
507 4397 694 4469 deformatum]
705 4399 764 4454 neci
776 4399 892 4456 dabitur.
945 4401 983 4458 26
1000 4401 1120 4471 dragmis
1132 4404 1171 4471 P,
1191 4419 1238 4458 cru.
1250 4404 1332 4459 Dru-

206 4481 265 4536 eice
277 4498 310 4536 cc
322 4482 412 4538 LXX
423 4483 512 4539 Esod.
525 4487 575 4553 21,
594 4487 633 4540 32

1082 4578 1132 4643 2*
