3300 5142
311 525 373 588 114
712 518 856 573 Firmici
874 518 1021 571 Materni

309 677 380 743 bere
394 678 565 760 persuadet.
589 694 715 759 oquam
730 674 862 753 miseris,
878 694 972 757 quam
987 673 1136 739 luctuosis
1151 692 1184 739 se
1198 674 1318 757 laqueis
1338 674 1441 739 inuol-

310 782 359 847 uit
373 782 488 847 caduca
501 782 673 848 calliditas!
696 780 766 863 quis
781 779 874 845 deum
889 782 980 844 tuum
996 779 1131 844 liberat?
1146 780 1196 842 cui
1211 779 1269 843 boc
1283 778 1441 863 praestitit

309 886 391 968 quod
404 885 549 951 laborat?
570 884 670 961 disce,
693 884 776 949 disce
791 883 873 966 quod
897 883 1014 961 nescis,
1037 882 1121 947 disce
1143 882 1224 965 quod
1249 900 1309 947 non
1336 882 1439 946 uides:

280 988 450 1053 achristus
464 988 548 1053 tilius
562 988 622 1053 Dei
636 989 673 1052 ut
687 986 859 1051 humanum
875 1004 971 1071 genus
985 1006 1004 1050 a
1018 986 1129 1051 mortis
1149 986 1268 1067 laqueis
1283 986 1440 1063 liberaret,

310 1111 381 1158 uere
406 1091 510 1157 omnia
534 1091 596 1157 ista
620 1090 789 1169 sustinuit,
811 1091 848 1155 ut
862 1090 1054 1171 captiuitatis
1069 1089 1163 1155 durae
1181 1089 1291 1174 iugum
1306 1087 1439 1165 tolleret,
1464 1114 1477 1151 ⁵

310 1196 346 1259 ut
360 1196 519 1259 hominem
530 1194 613 1278 patri
625 1192 776 1272 redderet,
792 1194 829 1257 ut
840 1193 989 1277 mitigata
999 1192 1115 1257 offensa
1125 1192 1283 1257 bominem
1297 1191 1441 1257 cumDeo

309 1316 453 1382 prospera
479 1296 692 1363 conciliatione
715 1298 926 1378 componeret,
949 1298 986 1361 ut
1012 1295 1182 1379 promissae
1209 1293 1440 1360 resurrectionis

309 1402 578 1485 fructumproprio
588 1401 774 1465 monstraret
785 1399 933 1481 exemplo.
948 1399 1023 1464 feeit
1034 1398 1117 1464 filius
1123 1398 1181 1463 Dei
1193 1399 1273 1480 quod
1287 1398 1359 1463 ante
1368 1414 1440 1479 pro·

310 1506 456 1571 miserat:
472 1503 566 1569 clusit
586 1503 694 1569 ianuas
715 1502 797 1569 sedis
811 1501 948 1569 infernae
969 1504 1001 1568 et
1021 1501 1116 1567 durae
1130 1501 1210 1585 legis
1224 1500 1440 1567 necessitatem

310 1609 428 1675 calcata
451 1609 551 1675 morte
569 1607 754 1691 prostrauit:
778 1606 988 1690 pertriduum
1008 1605 1158 1671 recensita
1172 1605 1212 1670 ab
1235 1622 1270 1669 eo
1285 1602 1440 1668 iustorum
1451 1626 1478 1665 10

309 1712 402 1777 turba
416 1711 543 1777 collecta
554 1712 612 1789 est,
627 1730 666 1777 ne
680 1709 798 1775 diutius
809 1709 916 1775 contra
929 1727 980 1774 eos
991 1708 1101 1773 mortis
1113 1706 1324 1773 dominaretur
1335 1707 1441 1788 inpro-

310 1816 406 1881 bitas:
429 1834 467 1881 ne
493 1815 647 1880 iustorum
673 1813 823 1879 meritum
850 1832 886 1877 er
911 1812 1006 1895 longa
1031 1810 1242 1895 desperatione
1257 1808 1440 1885 concideret,

309 1919 404 2003 fregit
418 1919 555 1984 claustra
568 1918 718 2001 perpetua
731 1917 763 1982 et
777 1916 893 1982 ferreae
908 1915 989 1981 sores
1004 1913 1125 1980 Christo
1139 1914 1266 1979 iubente
1280 1914 1441 1995 conlapsae

309 2024 397 2087 sunt:
414 2040 483 2087 ecce
497 2023 582 2086 terra
592 2020 779 2086 contremuit
790 2020 822 2083 et
836 2019 1111 2084 fundamentorum
1126 2034 1252 2082 suorum
1267 2015 1441 2082 stabilitate

197 2148 299 2192 reum..
309 2142 454 2191 concussa
478 2124 648 2207 praesentis
673 2122 790 2189 Christi
814 2142 929 2187 numen
954 2123 1098 2206 agnorrit:
1119 2122 1125 2204 Ι
1143 2122 1215 2186 anto
1240 2120 1441 2203 praefinitum
1451 2145 1478 2183 rs

309 2230 432 2311 tempus
457 2228 641 2311 praecipitat
664 2227 748 2292 diem
773 2225 882 2291 mundi
908 2225 1011 2291 rotata
1036 2224 1156 2309 uertigo
1173 2226 1205 2289 et
1219 2224 1339 2289 solnon
1355 2242 1441 2288 com·

309 2332 392 2414 plato
404 2331 585 2397 diurnarum
595 2331 741 2396 horarum
751 2330 851 2411 spatio
863 2330 1023 2411 properato
1035 2347 1126 2393 cursu
1136 2327 1241 2411 uergit
1255 2326 1287 2391 in
1302 2327 1440 2392 noctem:

310 2454 378 2501 ecce
393 2435 456 2500 oeli
470 2434 600 2519 fastigia
614 2452 737 2500 summa
750 2432 911 2497 lindrmtur
932 2433 964 2497 et
979 2429 1205 2497 obscurioribus
1229 2430 1364 2497 tenebris
1391 2450 1441 2495 or-

308 2539 381 2604 bem
395 2539 548 2604 terrarum
573 2537 674 2621 caligo
698 2537 798 2602 noctis
824 2535 993 2602 abscondit.
1018 2535 1123 2599 omnia
1149 2534 1303 2599 elementa
1318 2532 1442 2599 Christo

309 2643 466 2727 pugnante
480 2642 608 2707 turbata
622 2642 713 2719 sunt,
735 2642 811 2705 tunc
831 2640 949 2705 seilicet
971 2657 1041 2703 cum
1057 2638 1194 2722 primum
1210 2639 1316 2703 contra
1330 2637 1442 2702 mortis
1454 2659 1481 2701 se

310 2745 506 2829 tyrannidem
520 2744 691 2809 humanum
706 2762 814 2827 corpus
830 2742 974 2809 armauit.
998 2759 1052 2825 per
1071 2741 1212 2807 triduum
1232 2741 1295 2807 ista
1317 2740 1443 2807 conflic-

309 2849 427 2914 tetione
441 2848 614 2933 pugnatum
629 2848 690 2924 est,
714 2846 863 2929 quamdiu
877 2864 961 2911 mors
976 2844 1127 2927 superatis
1143 2844 1282 2909 malitiae
1297 2864 1370 2909 suae
1391 2845 1442 2909 ui-

283 2952 397 3017 oribus
412 2951 614 3037 frangeretur.
637 2950 713 3033 quid
727 2950 820 3015 solita
834 2948 1045 3032 impatientia,
1068 2947 1160 3013 homo
1175 2947 1333 3031 religiose,
1348 2948 1441 3013 bomo

311 3054 445 3134 Christi,
468 3055 611 3139 desperas
635 3056 667 3120 et
692 3054 818 3119 deficis?
835 3052 930 3117 tridui
950 3069 1069 3117 moram
1090 3068 1150 3115 non
1167 3050 1264 3116 feris?
1287 3050 1404 3117 sollicit
1426 3086 1442 3099 ·

311 3158 414 3223 dinem
438 3177 474 3223 ao
498 3157 743 3241 desperationem
764 3158 853 3221 tuam
878 3154 967 3221 nouis
981 3154 1123 3238 precibus
1139 3154 1315 3219 confiteris?
1337 3154 1395 3219 hoc
1410 3156 1480 3219 tea

310 3262 467 3327 facturum
481 3280 547 3328 esse
560 3261 615 3326 illo
631 3261 681 3326 die
695 3260 824 3343 spiritns
845 3260 968 3325 sanctus
991 3256 1162 3323 ueneranda
1187 3274 1260 3323 uoce
1275 3256 1441 3342 significat,

311 3385 382 3431 oum
396 3384 451 3447 per
464 3364 568 3431 Dauid
583 3364 674 3429 dicit:
704 3358 920 3429 ‘aestimati
951 3378 1082 3425 sumus
1105 3360 1210 3425 siout
1231 3377 1322 3424 oues
1344 3360 1442 3425 occi-

311 3467 446 3532 sionis.
471 3486 651 3551 exsurge:
675 3484 798 3549 quare
819 3464 1032 3542 obdormis,
1056 3462 1236 3528 domine?
1271 3482 1443 3549 exsurge

311 3572 348 3636 et
369 3590 413 3636 ne
435 3571 639 3653 disperdas
660 3588 782 3652 usque
804 3567 1002 3635 adfinem.
1026 3584 1142 3648 quare
1165 3565 1312 3631 taciem
1334 3568 1443 3631 tuam

310 3674 483 3740 auertis?
515 3673 765 3739 obliuiscaris
798 3672 972 3755 inopiam
1004 3670 1179 3736 nostram
1209 3670 1248 3735 et
1270 3669 1481 3735 tribula-ae

310 3778 476 3843 tionem?
509 3776 688 3858 quoniam
720 3774 931 3841 humiliata
963 3774 1022 3839 est
1059 3773 1099 3838 in
1125 3773 1287 3855 puluere
1316 3772 1444 3838 anima

310 3883 455 3959 nostra,
490 3879 617 3946 haesit
638 3879 675 3944 in
696 3882 801 3945 terra
823 3880 959 3945 uenter
986 3878 1127 3943 noster.
1166 3894 1344 3959 exsurge,
1378 3876 1444 3941 do·

415 4085 451 4142 27
468 4085 512 4140 Ps.
525 4085 573 4151 43,
587 4084 708 4143 23-27.

363 4259 555 4318 5uereom.a
624 4258 900 4329 6mitigataoffensd
913 4259 941 4313 P
1018 4258 1155 4316 9clausit
1174 4274 1193 4313 a
1255 4256 1293 4314 10
1309 4256 1446 4311 recensita

311 4346 459 4399 dicenter:
477 4346 621 4399 recensita
637 4346 683 4400 Pa
748 4346 784 4402 11
802 4343 947 4399 danaretur
965 4345 1001 4415 P,
1014 4361 1062 4400 ern.
1076 4347 1139 4400 ina
1204 4342 1411 4401 131uuente1>

313 4432 352 4575 ἐξ
369 4447 471 4573 iffi
477 4432 511 4572 11³J
558 4432 593 4489 17
613 4432 772 4502 spatiumP
836 4431 875 4489 24
893 4431 958 4487 feris
971 4431 1014 4486 P:
1033 4432 1086 4485 fers
1099 4430 1159 4487 edd.
1173 4431 1209 4498 cf.
1223 4430 1300 4499 adp.
1313 4432 1409 4497 107,9
