3300 5142
321 486 383 550 104
739 484 885 554 Sulpicii
902 484 1018 538 Seueri

270 643 307 706 51
364 639 506 704 Ceterum
520 639 659 705 Ithaoius
674 639 799 718 uidens,
823 659 917 722 quam
938 640 1125 706 inuidiosum
1147 641 1207 706 sibi
1227 640 1310 724 apud
1324 641 1441 723 episco-

320 761 374 826 pos
389 741 482 820 foret,
499 742 525 806 si
539 744 699 808 accusator
713 744 810 808 etiam
824 743 989 825 postremis
1002 762 1106 808 rernm
1120 744 1303 828 capitalium
1316 742 1442 808 indiciis

320 845 473 911 astitisset
487 882 528 890 —
544 844 659 910 etenim
672 845 780 910 iterari
799 846 950 910 iudicium
963 865 1085 912 necesse
1100 851 1167 912 erat
1181 885 1222 894 -
1237 846 1395 912 subtrahit
1408 864 1442 910 se

291 948 500 1032 anguinum,
516 947 631 1012 frustm
646 948 776 1013 callidus
791 949 856 1013 iam
870 948 982 1014 scelere
995 949 1140 1032 perlecto.
1162 969 1200 1015 ac
1221 953 1291 1015 tum
1304 968 1360 1033 per
1372 949 1443 1013 Ma·

319 1051 438 1116 ximum
452 1053 611 1116 accusator
625 1051 789 1133 opponitur
803 1051 959 1117 Patricius
973 1052 1109 1134 qnidam,
1124 1052 1191 1118 fisci
1216 1056 1372 1136 patronus.
1395 1052 1443 1116 ita
1465 1081 1480 1120 s

320 1173 354 1220 eo
369 1153 530 1218 insistente
544 1153 756 1219 Priscillianus
771 1155 883 1238 capitis
898 1155 1062 1220 damnatus
1081 1160 1144 1234 est,
1166 1175 1287 1238 unaque
1311 1173 1383 1220 eum
1407 1173 1443 1220 eo

319 1255 530 1322 Felieissimis
552 1259 583 1320 et
605 1257 785 1336 Armenius,
808 1258 862 1339 qui
880 1277 981 1340 nuper
1001 1278 1021 1323 a
1041 1259 1218 1337 catholicis,
1248 1279 1320 1324 oum
1341 1260 1444 1324 essent

232 1419 244 1450 ,
291 1357 439 1437 selenci,
462 1359 691 1424 Priscillianum
706 1359 808 1442 {secun
829 1361 1030 1426 desciuerant.
1058 1363 1263 1426 Latronianus
1277 1380 1397 1444 qnoque
1411 1364 1445 1426 et

320 1461 486 1528 Euchrotia
511 1461 614 1546 gladio
640 1464 800 1544 perempti.
830 1464 1018 1542 Instantius,
1044 1483 1136 1545 quom
1152 1465 1293 1548 superius
1314 1464 1353 1528 ab
1377 1465 1444 1546 epi·

324 1566 423 1648 scopis
437 1565 619 1630 damnatum
634 1565 784 1644 diximus,
807 1566 841 1634 in
866 1565 1056 1649 Sylinauoim
1080 1567 1232 1646 insulam
1255 1585 1333 1649 quea
1359 1567 1445 1632 ultra
1453 1587 1481 1624 ιο

292 1667 497 1738 4Britanuias
523 1668 584 1733 sita
604 1671 666 1746 est,
689 1670 876 1752 deportatus.
901 1670 981 1734 itum
996 1669 1106 1735 deinde
1119 1670 1152 1735 in
1166 1670 1299 1752 reliquos
1315 1687 1444 1752 sequen-

320 1771 404 1836 tibus
418 1770 550 1848 iudiciis,
566 1771 764 1853 damnatique
784 1772 936 1837 Asariuus
950 1775 982 1836 et
995 1772 1142 1838 Aurelius
1163 1773 1309 1838 diaeoum
1330 1773 1444 1857 gladio,

322 1873 502 1939 Tiberianus
534 1873 687 1957 ademptis
719 1873 806 1940 bonis
828 1875 861 1938 in
888 1874 1076 1957 Sylinancim
1094 1875 1231 1940 insulam
1244 1875 1346 1940 datus.
1370 1874 1445 1938 Ter-

322 1976 434 2052 tullus,
463 1977 624 2042 Potamius
653 1980 684 2043 et
699 1977 864 2055 Iohannes,
893 1980 1055 2060 tamquam
1081 1978 1206 2042 uiliores
1239 1996 1387 2060 personae
1412 1978 1446 2040 et

321 2080 406 2164 digni
421 2079 644 2158 misericordia,
668 2081 740 2162 quia
754 2083 827 2146 ante
840 2081 1051 2163 quaestionem
1071 2099 1104 2144 se
1122 2099 1158 2144 ao
1180 2081 1276 2146 socios
1291 2078 1481 2162 prodidis·1⁵

293 2185 403 2262 ssent,
427 2185 611 2265 temporario
631 2183 721 2248 exilio
741 2184 824 2248 intra
839 2182 958 2248 Gallias
972 2182 1111 2266 relegati.
1134 2183 1193 2248 hoe
1206 2183 1270 2248 fere
1284 2183 1376 2247 modo
1389 2181 1446 2245 ho·

321 2287 419 2352 mines
433 2287 501 2352 lues
515 2286 723 2370 indignissimi
738 2287 871 2368 pessimo
891 2284 1029 2368 exemplo
1048 2285 1149 2350 necati
1171 2287 1228 2349 aut
1249 2285 1349 2349 exiliis
1363 2283 1447 2348 mul-

321 2390 398 2454 tati:
433 2390 514 2470 quod
530 2390 619 2454 initio
635 2389 703 2454 iure
729 2389 915 2453 iudiciorum
940 2392 972 2452 et
997 2389 1120 2472 egregie
1145 2387 1268 2471 publico
1290 2387 1450 2452 defensum

179 2449 216 2528 7
275 2479 287 2605 l
321 2511 375 2574 pos
409 2492 579 2558 althaoius
590 2491 702 2574 iurgiis
717 2491 918 2567 sollicitatus,
946 2491 986 2555 ad
1007 2493 1197 2574 postremum
1218 2491 1393 2568 conuictus,
1415 2489 1448 2554 in

202 2585 210 2612 ⁵
279 2615 373 2694 Qus
389 2594 601 2676 retorquebat,
624 2613 753 2675 quorum
775 2591 809 2656 id
823 2594 970 2657 mandato
985 2595 1018 2657 et
1032 2593 1168 2659 consiliis
1183 2593 1342 2669 effecerat3
1366 2593 1484 2657 solusro

295 2701 428 2766 ttamen
447 2697 585 2762 omnium
605 2697 782 2779 episcopatu
803 2697 956 2760 detmsus.
979 2715 1052 2760 nam
1073 2694 1222 2773 Ydacius,
1251 2695 1326 2760 licet
1344 2695 1447 2759 minus

322 2819 446 2876 nocens,
470 2801 577 2882 sponte
603 2817 635 2864 se
661 2799 838 2881 episcopatu
863 2798 1076 2864 abdicauerat:
1098 2798 1254 2881 sapienter
1266 2797 1300 2861 id
1315 2800 1347 2861 et
1360 2815 1449 2861 uere·

295 2903 435 2980 remus,
457 2902 516 2967 nisi
532 2905 638 2986 postea
653 2902 801 2966 amissum
826 2900 930 2966 locum
943 2903 1080 2984 repetere
1095 2903 1288 2984 temptasset.
1312 2903 1449 2966 ceterum

323 3005 517 3072 Priscilliano
532 3005 644 3082 occiso,
671 3023 732 3069 non
757 3003 858 3068 solum
882 3022 943 3069 uon
968 3022 1106 3086 repressa
1125 3007 1173 3068 est
1198 3003 1348 3080 haeresis,
1371 3019 1450 3083 quae

324 3109 379 3174 illo
408 3111 531 3174 auctore
560 3109 758 3192 proruperat,
782 3107 836 3171 sed
865 3105 1046 3170 confirmata
1066 3105 1163 3171 latius
1191 3107 1363 3189 propagate
1390 3107 1446 3168 est.
1459 3127 1486 3168 a

322 3231 454 3293 namque
469 3213 635 3276 sectatores
650 3210 730 3288 eius,
752 3209 804 3290 qui
821 3227 892 3274 eum
906 3209 992 3291 prius
1006 3211 1044 3273 nt
1057 3211 1200 3274 sanctum
1213 3209 1448 3283 honorauerant,

295 3316 430 3399 spostea
454 3316 490 3378 ut
515 3317 684 3395 martyrem
710 3311 807 3377 colere
829 3313 1001 3395 coepenmt.
1025 3314 1255 3395 peremptorum
1270 3329 1396 3394 corpora
1410 3309 1450 3374 ad

323 3417 490 3501 Hispanias
515 3416 614 3481 relata
638 3415 819 3499 magnisque
845 3414 998 3496 obsequiis
1023 3413 1178 3478 celebrata
1204 3431 1310 3477 eorum
1324 3411 1449 3476 funem

376 3677 394 3732 2
413 3676 549 3728 accusator
562 3675 600 3727 P:
619 3673 769 3726 accusatob
823 3671 843 3727 4
861 3667 974 3723 callidus
992 3667 1027 3734 P,
1047 3671 1078 3720 ut
1090 3665 1159 3720 cont
1174 3666 1316 3732 Berrraye:
1335 3659 1450 3716 calidot

336 3764 348 3830 ΙΙ
371 3764 433 3815 actu
445 3761 485 3827 P,
503 3759 540 3812 At
551 3761 609 3812 tum
627 3759 642 3812 b
716 3757 732 3814 7
751 3773 810 3810 oum
823 3757 912 3809 essent
923 3754 1002 3807 om.b
1079 3751 1118 3808 10
1135 3749 1268 3819 sylinauci
1281 3748 1398 3802 insulem
1411 3747 1451 3801 P:

326 3847 445 3916 Sylinam
457 3845 571 3899 insulam
584 3846 612 3908 b;
621 3845 709 3912 paulo
720 3845 800 3910 iufra
810 3843 838 3896 P
848 3843 911 3895 deri
920 3841 1000 3895 liobet
1009 3836 1142 3907 syllanum
1196 3837 1231 3892 11
1244 3834 1396 3889 britannias
1409 3834 1450 3888 Ρ.·

327 3931 737 3998 Britanniamb;cs.11‚46,3
800 3929 837 3984 12
856 3926 978 3980 esurium
991 3926 1018 3979 P
1029 3925 1100 3991 (aon
1112 3921 1268 3990 asariciuslz
1287 3919 1417 3974 Asarinus
1435 3919 1451 3972 l)

379 4018 414 4075 13
432 4018 536 4071 delatus
554 4016 720 4083 Vallarsr'aa3
733 4021 763 4068 at
781 4015 815 4080 cf.
830 4013 873 4078 ΙΙ,
886 4016 932 4079 39,
954 4016 971 4066 7
991 4009 1089 4064 deutur
1109 4007 1189 4061 exilio
1210 4013 1236 4060 et
1249 4006 1291 4073 Π,
1307 4011 1329 4072 1,
1340 4009 1358 4058 6
1370 4002 1453 4058 morti

325 4103 460 4158 dedissent
514 4102 549 4159 16
562 4101 680 4156 homines
697 4101 762 4154 licet
772 4098 831 4152 luce
843 4099 972 4166 Bernaya
980 4114 1009 4164 p.
1023 4099 1059 4148 18
1071 4112 1098 4148 rr.
1112 4096 1158 4148 82.
1214 4091 1251 4148 19
1266 4091 1363 4159 iurgiis
1375 4089 1452 4142 solli·

324 4189 425 4244 citatus
438 4191 580 4256 Berroeps:
603 4187 632 4240 in
644 4186 741 4256 iurgiis
753 4183 850 4237 solitus
862 4183 914 4249 Po,
932 4183 996 4249 sort.
1010 4179 1107 4250 iurgiis
1120 4178 1253 4232 sollicitus
1271 4179 1306 4244 cf.
1321 4176 1362 4243 ΙΙ,
1375 4180 1420 4242 18,
1433 4177 1452 4226 3

376 4275 413 4332 21
433 4290 494 4328 nam
513 4273 618 4328 Idacius
641 4271 786 4342 Siponiue:
805 4267 949 4338 ntydntius
960 4269 1005 4334 (ut
1016 4273 1108 4320 remen
1119 4264 1202 4318 ctiam
1212 4261 1353 4316 nardatius
1364 4260 1453 4329 lepore

321 4361 427 4430 possis,
456 4359 569 4428 scirpula
590 4375 673 4427 super
695 4371 731 4410 na
753 4356 845 4422 mesa)
867 4355 908 4418 P,
936 4351 1084 4406 Nardaoius
1105 4351 1121 4404 b
1193 4349 1232 4406 22
1250 4345 1407 4412 uerecundia
1425 4345 1453 4399 P

377 4447 415 4504 25
433 4447 497 4512 fort.
511 4445 665 4498 confirmata
676 4445 703 4496 et
716 4440 798 4494 latius
