3300 5142
560 549 724 622 Dialogus
740 549 770 604 11
786 548 851 620 (III)
869 544 949 605 6-8.
1243 543 1307 611 205

186 703 282 769 missa
294 721 349 787 por
361 704 544 788 Auspicium
557 705 792 790 praefectorium
801 705 907 771 uirum
916 703 992 770 satis
1003 702 1064 768 fida
1077 700 1201 784 legatio,
1218 697 1305 764 onius

186 823 275 890 agros
290 807 460 890 specialiter
473 809 597 894 grauior
610 829 703 894 qnam
717 810 886 875 ceterorum
900 807 1042 874 adsuerat
1061 803 1194 888 procella
1207 819 1306 885 popu-

186 907 253 975 lari.
276 911 330 975 sed
343 910 425 977 facta
437 912 483 977 ibi
497 913 632 979 oratione
641 912 793 978 Martinus
807 912 853 977 ita
867 911 1042 976 uniuersam
1056 908 1178 992 penitus
1192 905 1334 975 libera-2

188 1013 236 1078 uit
259 1013 298 1078 ab
323 1013 478 1099 ingruenti
502 1017 587 1098 peste
611 1016 780 1100 regionem,
801 1015 840 1080 ut
859 1017 922 1097 per'
931 1012 1045 1097 uiginti
1061 1028 1170 1089 annos,
1193 1007 1305 1093 quibus

165 1117 291 1199 sportas
314 1119 429 1184 mansit
453 1119 486 1184 in
511 1137 646 1202 corpere,
668 1119 848 1204 grandinem
868 1117 901 1183 in
920 1117 984 1182 illis
1003 1115 1079 1181 locis
1095 1130 1184 1180 nemo
1199 1115 1304 1196 pertu-

186 1218 266 1284 lerit.
288 1221 369 1303 quod
393 1240 432 1287 ne
455 1221 620 1288 fortuitum
643 1239 709 1288 esse
727 1222 759 1287 et
777 1239 838 1287 non
851 1220 954 1304 potius
968 1217 1101 1285 Martino
1115 1217 1300 1300 praestitum
1315 1229 1332 1284 a

185 1323 359 1405 putaretur,
381 1341 415 1389 eo
435 1342 528 1404 anno,
551 1343 611 1408 quo
640 1325 694 1390 ille
709 1324 839 1404 'defecit
862 1341 984 1388 rursum
1005 1321 1147 1387 incubuit
1166 1320 1306 1385 rediuiua

184 1425 366 1507 tempestas:
387 1427 461 1492 adeo
475 1428 570 1493 sensit
584 1427 762 1493 otmundus
775 1426 836 1492 uiri
850 1426 949 1491 fidelis
964 1442 1138 1503 excessum,
1162 1425 1198 1489 ut
1213 1423 1300 1489 conus

185 1527 252 1592 uita
264 1527 331 1594 iure
343 1528 511 1614 gaudebat,
533 1531 668 1596 eiusdem
682 1531 813 1596 mortem
827 1529 954 1615 lugeret.
978 1529 1117 1593 ceterum
1133 1527 1160 1592 si
1176 1527 1215 1593 ad
1228 1527 1334 1592 haeai

149 1629 338 1713 reprobanda
351 1649 428 1715 quae
442 1633 576 1698 diximus
596 1634 690 1699 testes
715 1632 810 1699 etiam
834 1632 984 1698 infirmior
1008 1630 1131 1710 auditor
1159 1629 1302 1715 exegerit,

184 1749 244 1798 non
268 1753 365 1799 unum
389 1753 446 1820 ego
471 1736 642 1815 hominem,
665 1736 718 1801 sod
731 1736 821 1802 milia
834 1736 934 1801 multa
947 1734 1129 1818 producam,
1152 1735 1184 1799 et
1204 1733 1303 1798 totam

184 1834 218 1900 in
230 1836 442 1903 testimonium
456 1837 583 1904 uirtutis
597 1840 736 1922 expertae
749 1837 901 1905 Senonum
915 1837 1068 1903 aduocato
1082 1836 1247 1921 regionem.
1271 1837 1332 1901 ete

183 1938 287 2004 tamen
311 1940 364 2018 tn,
386 1939 537 2024 Refrigeri
561 1941 733 2026 presbyter,
755 1942 859 2021 credo,
881 1941 1067 2019 meministi,
1090 1958 1186 2022 nuper
1211 1938 1300 2004 nobis

184 2059 274 2124 super
286 2041 344 2107 hoc
357 2061 428 2108 cum
442 2043 573 2110 Romulo
587 2044 728 2126 Auspicii
741 2044 827 2109 illius
841 2043 922 2123 lilio,
943 2044 1089 2109 honorato
1104 2042 1135 2108 et
1153 2041 1306 2126 religioso,

149 2143 266 2223 omre,
288 2144 382 2211 fuisso
396 2163 581 2213 sermonem·
602 2147 657 2230 qui
669 2147 744 2212 haee
755 2147 845 2212 nobis
858 2149 1017 2230 tamquam
1031 2147 1209 2229 inconperta
1224 2144 1303 2210 refe·

183 2247 339 2327 rebat,et
307 2250 431 2314 etcum
450 2249 564 2315 futuris
576 2249 774 2333 prodentibus
788 2261 843 2332 per
856 2249 983 2316 adsidua
997 2249 1109 2314 damna
1122 2248 1299 2364 trepidaret,

183 2350 243 2416 ut
234 2369 299 2433 rpse
313 2351 436 2430 nidisti,
458 2370 570 2437 magno
583 2371 687 2418 secum
700 2370 834 2418 maerore
848 2352 989 2437 lugebat,
1011 2351 1181 2492 Martinum
1194 2367 1255 2416 non
1269 2349 1302 2415 in

183 2453 258 2518 haec
270 2455 408 2537 tempora
420 2458 619 2521 reseruatum.

226 2556 285 2622 Sed
298 2559 357 2628 ut
370 2559 410 2623 ad
435 2557 617 2645 Auitianum
641 2577 846 2624 recurram—
859 2558 912 2641 qui
932 2577 1003 2623 cum
1022 2558 1055 2623 in
1070 2483 1212 2624 omnibus
1226 2555 1331 2631 loaisa

148 2659 383 2743 ncunctisque
373 2681 406 2726 ru
420 2661 547 2728 urbibus
561 2642 663 2727 ederet
673 2661 863 2727 crudelitatis
874 2680 945 2727 suae
956 2660 1081 2726 inlanda
1092 2662 1301 2739 monumenta,

184 2761 313 2828 Turonis
327 2764 472 2828 tantum
463 2781 604 2830 innocens
618 2765 700 2830 erat:
721 2766 753 2830 et
773 2765 830 2830 illa
848 2765 961 2844 bestia
984 2782 1060 2847 quae
1081 2764 1215 2829 humano
1231 2779 1301 2828 san-

183 2865 275 2950 guine
299 2868 331 2931 et
355 2865 526 2932 infelicium
550 2867 702 2933 mortibus
726 2867 880 2946 alebatur,
902 2867 1012 2932 mitem
1028 2885 1060 2932 se
1089 2867 1186 2949 adque
1211 2867 1297 2931 ban·

183 2969 316 3052 quillum
329 2970 418 3035 beato
432 2970 499 3034 uiro
513 2972 667 3052 praesente
680 2970 854 3053 praestabat
871 2992 927 3034 -ι
949 2968 1077 3034 memini
1097 2969 1228 3052 quodam
1252 2967 1331 3033 dier

183 3072 307 3137 adeum
322 3071 441 3138 uenbse
453 3072 639 3138 Martinam:
654 3073 708 3156 qui
722 3073 776 3138 ubi
787 3071 981 3137 secretarium
993 3072 1058 3136 eius
1070 3071 1225 3155 ingressus
1240 3072 1299 3149 sat,
1338 3073 1339 3076 ’

147 3199 175 3240 re
183 3174 265 3239 uidit
283 3176 354 3257 post
374 3176 497 3259 tergum
511 3176 608 3258 ipsius
621 3175 798 3240 daemonem
812 3175 908 3240 mirae
922 3174 1145 3259 magnitudinis
1160 3174 1302 3239 adsiden-

182 3279 255 3344 tem.
278 3295 369 3360 quem
383 3278 518 3357 eminus,
533 3281 569 3345 ut
583 3279 691 3358 uerbo,
707 3278 780 3360 quia
792 3279 838 3343 ita
851 3295 971 3343 noemae
985 3279 1050 3354 est,
1066 3295 1176 3359 parum
1190 3277 1299 3342 Latino

181 3379 357 3461 loquamur,
388 3378 567 3460 exsufflans,
588 3371 760 3446 Auitianus'
774 3399 807 3445 se
825 3379 980 3446 exsufflari
1006 3381 1203 3460 existimans,
1227 3379 1302 3462 quid

182 3500 245 3561 me,
267 3483 384 3566 inquit,
407 3485 524 3562 sancto,
547 3485 592 3549 sic
605 3484 737 3566 accipis?
757 3485 827 3548 tum
846 3483 1014 3560 Martinus,
1036 3502 1097 3549 non
1117 3483 1164 3562 te,
1190 3483 1300 3568 iuquit,

235 3740 251 3797 1
269 3740 401 3795 niruma'rr
412 3739 443 3794 F
450 3755 558 3794 εναιιιιιιι
579 3742 592 3809 ΙΙ
613 3740 715 3809 legatio
735 3740 857 3795 ABFV:
874 3739 1008 3809 legatione
1029 3755 1046 3794 o
1106 3738 1125 3795 2
1143 3739 1302 3793 mensuraret

182 3825 255 3881 AFo
315 3825 492 3895 dmgruenre
504 3825 561 3880 ΒΡ
574 3827 645 3894 (rora
662 3826 777 3900 item-V)
840 3825 1031 3895 bpartulitV
1090 3824 1261 3881 bossetnon
1280 3824 1307 3879 V

233 3911 252 3968 7
269 3911 366 3965 defecit
378 3911 443 3966 BV:
461 3909 600 3966 defunctus
611 3912 653 3965 est
664 3911 736 3965 Aac
758 3913 770 3980 ΙΙ
792 3927 884 3966 rursus
900 3927 916 3966 o
965 3911 993 3968 -9
1013 3910 1131 3965 eiusdem
1143 3911 1301 3964 ABFMV:

183 3997 265 4051 etiam
276 3997 421 4051 eiusdemo
473 3997 511 4052 10
522 3997 638 4066 exigeret
649 3995 703 4066 ΕΩ
760 3997 795 4054 11
809 3998 942 4052 hominem
954 4013 1002 4066 ego
1015 3997 1041 4050 A
1057 3999 1069 4064 11
1086 3997 1175 4050 multa
1187 3995 1303 4050 milliao

235 4085 272 4140 12
290 4084 425 4153 expertam
437 4083 482 4151 M,
496 4099 644 4152 perperam
653 4083 787 4151 probante
797 4083 832 4137 rie
844 4083 935 4138 Prata
1002 4083 1039 4139 14
1056 4082 1157 4136 romulo
1173 4082 1199 4134 V
1207 4097 1274 4136 corr.
1289 4097 1303 4134 c

183 4169 286 4223 rumulo
371 4169 407 4225 18
425 4168 475 4222 hae
499 4168 525 4221 V
603 4168 640 4224 19
658 4183 717 4222 cum
737 4167 859 4222 omnibus
884 4169 911 4224 V
989 4166 1302 4224 commonerem:

183 4254 213 4308 in
233 4271 281 4308 om.
303 4254 374 4310 Ano
424 4253 463 4311 22
479 4253 653 4322 tranquillam
667 4254 697 4307 F
745 4253 783 4312 25
803 4253 879 4308 uidet
900 4255 984 4308 ABF
1032 4251 1069 4310 26
1093 4253 1134 4306 ita
1147 4253 1251 4306 BMV:
1276 4255 1303 4305 et

185 4339 246 4404 ΑΡ,
259 4356 334 4395 orac
356 4343 368 4409 11
391 4342 432 4393 est
452 4355 500 4393 om.
514 4341 577 4393 ΒΜ
644 4339 682 4394 27
700 4339 851 4409 exsufflans]
872 4340 935 4393 cdd.
957 4341 989 4393 irc
1011 4339 1039 4392 =V
1054 4353 1114 4406 erup.
1138 4339 1185 4392 lla.
1209 4338 1301 4391 eodem

185 4424 347 4480 mineum
377 4428 390 4494 ΙΙ
420 4425 575 4479 existimans
596 4425 636 4478 ait
660 4425 687 4478 V
763 4425 801 4481 28
819 4426 916 4495 accipis
937 4425 1027 4479 BMV
1047 4424 1104 4492 (aeri
1130 4425 1156 4478 V
1174 4423 1300 4492 accepis):

185 4511 283 4580 aspicis
303 4511 375 4566 AFo
