3300 5142
1231 586 1325 638 XXIII

189 752 295 815 tura:
333 741 407 816 ossi
434 743 533 839 sorte
572 743 674 840 opud
711 742 795 816 s'stos
827 742 945 816 maior
971 743 1115 816 castitas
1140 742 1325 840 carpinum

191 875 255 938 oso
280 862 404 961 sclipio
431 861 591 936 sanctior
629 863 872 955 sacerdotum,
902 887 982 937 com
1002 887 1120 961 paene
1145 863 1186 936 in
1204 863 1324 962 plurr-

191 981 254 1056 bos
279 981 481 1080 airoim'bus
506 995 551 1056 et
577 1007 689 1080 quoe
714 982 948 1057 inconsultius
980 1009 1014 1056 sc
1048 983 1139 1058 uiris
1163 983 1325 1058 miscuis

190 1115 304 1177 scot..
327 1102 374 1176 ss't
394 1101 566 1176 incestum
589 1102 823 1177 uindicatum
847 1103 907 1176 hic
928 1104 1150 1202 particulam
1173 1116 1205 1178 ct
1225 1105 1325 1202 inep-

190 1234 375 1297 tamense
402 1222 544 1297 dudum
571 1223 799 1298 intellectum
828 1234 902 1315 est,
938 1223 1002 1297 sed
1025 1225 1057 1297 ei
1084 1223 1184 1321 quod
1206 1223 1323 1322 uulgo

190 1367 238 1415 ex
261 1341 433 1416 Vrsini
468 1345 679 1418 coniectura
719 1344 982 1418 circumfertur
1006 1337 1058 1417 ‘ut
1084 1347 1183 1442 quoc'
1207 1342 1324 1416 Vah·

189 1462 313 1536 lenii
339 1463 634 1537 emendationem
660 1461 721 1538 ‘set
742 1465 839 1562 quoc’
868 1464 1059 1561 praeferre
1081 1489 1156 1538 non
1180 1464 1323 1541 dubita·

190 1581 325 1656 uitnus.
366 1579 506 1657 Similis
533 1594 591 1656 est
616 1608 730 1657 causa
755 1583 829 1657 loci
855 1608 884 1656 c.
913 1585 974 1675 37,
1004 1587 1037 1675 9,
1067 1585 1132 1682 qui
1158 1586 1213 1658 sic
1238 1585 1322 1658 nula

189 1705 267 1800 gari
288 1704 402 1776 solet:
424 1728 488 1778 res
509 1702 566 1777 cs?
591 1715 622 1778 et
644 1715 718 1777 tom
740 1702 840 1778 timos
861 1729 967 1801 quom
989 1703 1134 1795 timeris,
1157 1703 1324 1803 neglecta

188 1823 384 1899 uerissima
422 1822 628 1922 Rigaltii
667 1822 925 1898 emendatione
962 1816 1036 1898 ‘ren
1071 1823 1128 1898 cs?
1162 1826 1323 1900 sedtum

188 1934 307 2034 timcs',
353 1968 466 2041 qnam
506 1944 750 2018 necessariam
791 1967 872 2016 esse
912 1945 1093 2018 sententia
1138 1945 1323 2020 contraria

189 2065 392 2138 euincitur:
420 2063 520 2137 diues
545 2062 602 2137 cs?
627 2065 689 2136 scd
704 2063 880 2159 fortemne
906 2061 998 2138 mole
1025 2065 1189 2140 creditur.
1219 2089 1320 2138 nunc

189 2184 341 2257 accessit
368 2180 506 2256 codicis
532 2184 650 2282 ipsius
676 2183 952 2274 testimonium,
993 2184 1032 2256 in
1060 2207 1135 2280 quo
1167 2184 1260 2258 illud
1288 2209 1322 2262 cs

189 2316 221 2378 et
245 2301 411 2377 secunda
436 2327 550 2378 manu
578 2314 788 2378 correctum
816 2316 891 2390 est,
928 2306 1161 2402 comprima
1188 2305 1322 2379 habent

189 2436 290 2514 esset,
318 2422 357 2496 id
385 2434 440 2496 est
466 2435 585 2498 essct.

240 2539 277 2616 Ο.
303 2547 362 2635 28,
388 2546 419 2616 7.
446 2543 529 2618 item
554 2542 660 2619 boum
686 2545 807 2643 capito
846 2557 877 2620 ct
917 2545 1038 2642 capito
1074 2569 1264 2620 cumeum
1291 2557 1323 2620 et

189 2664 380 2738 immolatis
405 2676 437 2738 ct
464 2664 600 2755 colitis,
629 2667 671 2738 dc
698 2690 809 2763 capro
837 2665 944 2740 ctz'crm
970 2677 1002 2739 ct
1026 2662 1169 2740 hoossisc
1193 2665 1322 2740 mestos

187 2787 270 2858 deos
309 2797 341 2858 ct
367 2787 507 2859 leonum
533 2797 565 2858 ct
592 2809 723 2860 conum
761 2787 881 2860 uoltus
916 2786 998 2860 deos
1032 2785 1212 2860 dedicatis.
1256 2785 1321 2860 Mi·

186 2905 340 2978 nucinm
364 2904 484 2978 dicere
519 2930 594 2980 non
634 2907 800 3003 potuisse
827 2905 995 2980 ethnicos
1022 2905 1173 2979 leonum
1202 2917 1238 2980 et
1264 2932 1320 2980 ca-

186 3050 277 3098 num
305 3025 436 3098 uultus
464 3036 508 3100 ut
535 3026 623 3099 deos
651 3025 838 3102 dedicasse
872 3027 948 3098 iam
976 3022 1190 3100 Gelenius
1213 3025 1319 3111 uidit,

187 3145 253 3220 sed
280 3147 359 3220 eius
386 3147 470 3220 Ioco
498 3147 600 3245 quod
627 3149 689 3220 ille
717 3147 881 3222 correxit
907 3147 1009 3220 uoltu
1044 3155 1236 3244 proestare
1266 3147 1320 3219 ui·

187 3290 272 3338 sum
299 3275 357 3338 est
383 3265 538 3340 uultibus
564 3268 781 3357 emendare,
815 3267 839 3342 i.
863 3292 893 3342 e.
922 3267 1011 3341 deos
1046 3267 1225 3341 dedicatis
1254 3267 1321 3364 qui

187 3386 339 3460 leonum
368 3396 435 3460 aut
462 3411 597 3460 canum
626 3389 753 3460 uultus
780 3411 870 3486 prae
907 3411 946 3461 se
977 3389 1120 3480 ferunt3
1161 3389 1205 3460 cf.
1230 3385 1320 3462 Ter·

187 3504 268 3580 tuIl.
295 3507 404 3604 Apol.
443 3533 471 3580 c.
504 3511 570 3580 16:
608 3509 671 3582 scd
701 3507 756 3582 tto
790 3505 982 3581 domuerunt
1022 3511 1177 3584 odorare
1202 3509 1320 3584 statim

187 3625 335 3723 deforme
360 3653 508 3719 nomos,
535 3629 621 3727 quio
648 3642 679 3703 ct
705 3628 836 3703 conciso
865 3641 896 3704 ct
922 3630 1061 3704 temtos
1090 3629 1204 3729 capite
1227 3656 1319 3705 com·

187 3747 339 3820 mistos..
381 3750 464 3822 deos
502 3763 715 3847 receperunt.
749 3748 990 3824 Contrarium
1034 3751 1165 3824 uitium
1201 3751 1319 3825 codex

186 3866 298 3940 habet
324 3894 359 3966 p.
384 3870 444 3959 23,
469 3871 510 3960 2,
555 3870 621 3942 ubi
665 3872 849 3967 scriptura
888 3869 1044 3945 semibus
1082 3873 1155 3945 iam
1196 3872 1234 3944 in
1262 3871 1317 3944 ed.

187 3987 354 4086 principe
388 3988 427 4061 in
466 4014 586 4062 scasas
626 4001 793 4064 correcta
819 4000 884 4064 est.
913 3991 1030 4065 haesit
1056 3991 1155 4066 idem
1182 3993 1318 4065 uitium

186 4105 307 4180 adhuc
346 4108 386 4180 in
426 4109 605 4206 exemplis
646 4111 809 4208 uulgatis
851 4115 964 4202 ο.27,
991 4116 1032 4202 1,
1076 4112 1142 4185 ubi
1182 4113 1317 4186 codicis

188 4228 372 4325 scriptura
394 4221 491 4302 ‘dum
517 4230 740 4328 corporantur
762 4231 826 4326 (sc.
850 4231 1065 4328 daemones)
1088 4232 1227 4307 interim
1255 4261 1316 4307 uo·

186 4340 281 4420 ts'bus’
310 4348 406 4422 hanc
444 4352 667 4424 sententiam
701 4351 836 4426 habere
870 4354 1124 4426 existimatur:
1164 4351 1267 4426 ‘dum
1296 4379 1317 4427 a

187 4467 430 4543 daemonibus
457 4481 562 4545 uates
589 4465 842 4571 inspirantur,
889 4475 995 4570 quasi
1036 4476 1154 4548 ullum
1195 4501 1316 4549 exem·
