3300 5142
325 507 368 572 34
744 503 892 572 Sulpicii
909 503 1026 558 Seueri

320 678 392 724 oum
412 659 509 724 simili
530 659 614 724 olade
634 658 839 737 affluerentur,
860 659 893 723 in
913 659 1059 740 oppidum
1073 657 1325 724 Asealoneneium
1343 675 1445 722 aream

321 763 560 827 transuexenmt.
582 762 631 826 bis
651 779 737 839 uero,
760 761 917 827 aduocatis
931 761 1032 844 gentis
1046 761 1112 826 eius
1125 760 1326 842 primoribus,
1346 759 1444 824 88881-

322 863 401 928 lium
415 863 491 942 fnit,
511 881 613 928 aream
627 864 753 928 Domini
766 863 915 928 Hebraeis
929 863 1060 928 reddere.
1083 864 1128 926 ita
1146 882 1183 927 er
1197 862 1445 944 8881881111118-

321 966 425 1048 cipum
446 985 656 1050 augurumque
676 967 707 1031 et
727 967 918 1031 sacerdotnm
932 966 1078 1048 imposita
1090 964 1230 1030 uebieulo
1251 964 1360 1029 multis
1374 983 1446 1028 eum

292 1069 498 1133 4muneribus
512 1068 690 1133 remittitur.
706 1068 785 1133 illud
799 1068 950 1146 mirabile,
962 1068 1052 1150 quod,
1064 1087 1136 1132 oum
1149 1066 1233 1133 oneri
1246 1067 1340 1131 boues
1354 1066 1444 1131 femi·
1466 1086 1479 1126 e

319 1190 374 1236 nas
397 1171 594 1236 subieoissent
615 1171 789 1254 nitidosque
809 1191 914 1236 aarum
935 1171 1020 1235 domi
1040 1170 1251 1249 retinuissent,
1279 1170 1339 1234 iter
1359 1169 1444 1234 nullo

281 1321 284 1328 .
320 1273 396 1338 duee
410 1274 443 1338 in
457 1274 604 1340 Iudaeam
617 1275 745 1357 pecudes
759 1275 948 1352 dirererrmt,
969 1291 1029 1339 non
1047 1274 1207 1338 reuocante
1220 1273 1331 1337 aflectu
1345 1271 1445 1336 foetus

319 1375 428 1440 relicti.
460 1377 545 1442 ouius
571 1377 615 1441 rei
640 1377 787 1442 mnaoulo
813 1377 913 1460 reguli
933 1377 1169 1460 Allophylorum
1196 1392 1292 1457 usqne
1312 1375 1345 1440 in
1368 1374 1444 1440 lines

289 1478 526 1543 5Hebraeorum
539 1498 640 1544 aream
658 1480 753 1545 secuti
764 1480 942 1563 religiosum
952 1479 1088 1544 officium
1101 1479 1326 1561 praestiterunt.
1339 1477 1444 1543 Iudaei

319 1582 437 1659 autem,
459 1581 513 1647 ubi
532 1582 638 1646 referri
658 1601 759 1648 aream
779 1583 937 1660 uiderint,
960 1582 1102 1647 eerbtim
1116 1601 1153 1646 ex
1165 1581 1277 1664 oppido
1290 1580 1478 1646 1181888188

318 1700 389 1746 oum
403 1683 514 1766 gaudio
529 1684 653 1750 obuiam
667 1703 767 1763 ruere,
783 1685 941 1763 festinare,
956 1685 1106 1761 exultare,
1128 1686 1230 1767 grates
1244 1685 1308 1749 Deo
1322 1683 1441 1748 referre.

318 1801 388 1848 mor
410 1786 550 1865 leuitas,
573 1805 702 1869 quorum
723 1788 780 1852 boo
801 1788 960 1871 negotium
979 1787 1059 1865 erat,
1081 1787 1265 1852 sacrificium
1279 1787 1343 1850 Deo
1364 1785 1442 1850 eele-

290 1885 422 1966 tbrant,
444 1887 595 1970 bouesque
615 1908 681 1968 eas,
702 1909 779 1971 qnae
798 1909 901 1955 aream
921 1891 1121 1967 adduxerant,
1142 1889 1314 1954 1818181181.
1335 1889 1389 1953 sed
1408 1889 1443 1952 in

317 1989 437 2071 oppido,
453 1992 533 2073 quod
548 2011 639 2073 supra
653 1991 796 2071 diximus,
812 1993 908 2057 teneri
923 2011 992 2057 area
1005 2010 1065 2057 non
1078 1992 1188 2074 potuit.
1210 1992 1313 2073 itaque
1327 1991 1442 2073 passim

318 2091 376 2155 Dei
389 2093 468 2156 nutu
481 2112 535 2175 per
550 2095 648 2158 totam
658 2095 765 2159 urbem
776 2096 938 2172 saeuitum,
951 2114 1020 2159 8188
1029 2094 1284 2160 inCariatbiarim
1295 2094 1475 2176 oppidnmn

317 2193 465 2260 translata
479 2197 526 2260 est
540 2195 643 2278 ibique
657 2215 710 2278 per
725 2197 839 2281 uiginti
853 2216 946 2262 annos
960 2197 1031 2261 fuit.

266 2307 307 2369 32
359 2297 404 2360 lla
425 2298 606 2380 tempestate
628 2298 751 2364 Samuel
772 2301 911 2364 saoerdos
932 2299 1081 2364 Hebraeis
1107 2300 1259 2380 praeerat:
1289 2299 1402 2381 quietis
1422 2317 1442 2362 a

316 2397 396 2462 bello
411 2400 500 2464 rebus
514 2401 644 2483 populus
664 2402 696 2466 in
716 2402 778 2465 otio
793 2401 931 2484 degebat.
952 2420 1012 2483 pax
1025 2401 1134 2466 deinde
1148 2402 1384 2485 allophylorum
1397 2401 1440 2465 ir·

316 2500 456 2582 ruptione
475 2502 612 2579 turbata,
635 2503 859 2585 trepidantibus
880 2503 997 2567 8888118
1017 2504 1056 2567 ob
1078 2503 1293 2568 conscientiam
1314 2504 1439 2586 peceati.

287 2601 439 2669 28818881
460 2621 545 2668 oaesa
566 2604 651 2686 prius
673 2605 774 2669 hostia
794 2606 859 2669 Deo
881 2604 977 2669 fretus
1004 2623 1075 2669 suos
1096 2606 1129 2670 in
1150 2607 1301 2687 proelium
1325 2606 1476 2683 eduxite

286 2705 472 2787 3primoque
487 2706 602 2788 impetu
619 2707 696 2770 fusis
710 2707 850 2770 hostibus
865 2707 993 2772 uictoria
1006 2727 1097 2789 penes
1107 2708 1260 2773 Hebraeos
1275 2709 1371 2773 stetit.
1387 2708 1440 2772 sed

315 2806 421 2871 hostili
440 2810 526 2872 metu
541 2811 655 2873 remoto
677 2809 816 2873 secundis
830 2809 1064 2892 tranquillisque
1078 2811 1183 2888 rebus,
1204 2811 1354 2891 abneptis
1369 2828 1439 2875 eon·

315 2910 410 2990 siliis,
425 2929 508 2975 more
523 2912 625 2996 uulgi,
647 2913 697 2976 eui
710 2913 882 2994 praesentia
895 2912 1033 2989 fastidio,
1055 2912 1175 2976 insueta
1194 2912 1343 2976 desiderio
1357 2914 1438 2990 sunt,

315 3015 435 3098 regium
448 3032 573 3098 nornen,
595 3015 711 3080 eunetis
726 3015 787 3079 fere
801 3015 906 3079 liberis
927 3015 1069 3098 gentibus
1083 3013 1289 3096 8811881888,
1309 3015 1440 3096 populus

314 3117 518 3182 desiderabat:
530 3117 619 3198 pleno
629 3117 743 3201 insigni
754 3118 891 3199 exemplo
901 3117 1052 3181 amentiae
1057 3116 1255 3198 praeoptabat
1264 3117 1440 3181 libertatem
1448 3137 1473 3178 a

286 3219 442 3284 dseroitie
452 3221 581 3284 mutare.
594 3220 691 3304 igitur
701 3220 871 3302 frequentes
877 3218 1294 3303 Samuelemjoiruumsistunt,
1310 3221 1355 3298 ut,
1368 3221 1440 3302 quia

286 3321 377 3386 bium
391 3321 456 3402 ipss
471 3322 633 3401 senuisset,
656 3342 759 3406 regem
774 3323 817 3386 eis
832 3322 1038 3386 constitueret.
1059 3323 1092 3386 at
1112 3323 1165 3386 ille
1185 3321 1305 3404 placide
1324 3323 1439 3388 salubri

314 3423 448 3488 oratione
462 3424 501 3488 ab
512 3425 616 3490 insana
627 3426 784 3490 uoluntate
795 3425 972 3506 detorquere
988 3425 1123 3505 plebem:
1140 3425 1377 3489 dominationem
1390 3444 1439 3490 re-

314 3527 400 3610 giam
414 3529 444 3591 et
459 3527 587 3608 superbe
599 3528 726 3610 imperia
737 3546 890 3610 exponere,
905 3527 1079 3592 libertatem
1091 3527 1242 3604 extollere,
1258 3529 1438 3619 serenitatem

315 3629 467 3707 detestari,
478 3631 628 3711 postremo
641 3631 776 3696 diuinam
789 3631 832 3694 eis
843 3630 922 3695 iram
935 3629 1121 3706 denuntiare,
1137 3629 1289 3710 siquidem
1300 3630 1437 3694 homines
1446 3651 1472 3690 se

313 3733 416 3796 mente
430 3733 578 3814 corrupti,
599 3734 699 3797 Deum
713 3753 815 3818 regem
830 3733 984 3809 habentes,
1005 3750 1108 3816 regem
1127 3731 1187 3796 sibi
1206 3751 1242 3795 ex
1261 3731 1436 3797 bominibus

415 3935 590 4005 araege.
629 3936 823 4006 1511:ng¹
861 3934 1057 4002 asinae.

415 4123 454 4178 10
469 4125 621 4178 Bethsemis
638 4126 667 4192 b,
685 4117 853 4192 Βαιθσαμὺς
870 4120 965 4187 LXX,
983 4122 1140 4175 Bethsames
1152 4122 1274 4176 Drasdea
1327 4125 1362 4181 11
1382 4123 1434 4176 Do-

312 4207 384 4260 mino
401 4208 417 4261 b
489 4210 525 4269 15
544 4214 635 4280 strage
651 4209 821 4278 pestilentiae
839 4207 971 4260 saeuitum
990 4207 1108 4261 mdabat
1130 4208 1164 4261 de
1187 4209 1275 4262 Prata
1296 4211 1310 4275 ΙΙ
1331 4209 1433 4262 charia·

312 4293 424 4347 tbiarim
436 4295 464 4348 P
514 4296 553 4351 20
564 4296 676 4350 Domino
687 4294 703 4347 b
726 4297 738 4362 ΙΙ
760 4292 883 4361 implinm
896 4293 923 4345 P
937 4295 950 4361 ΙΙ
964 4292 1073 4346 deduxit
1090 4292 1106 4345 b
1163 4293 1377 4361 arpennum
1390 4296 1431 4348 P:

311 4395 414 4448 semper
432 4380 574 4436 inuisumb
626 4381 664 4440 25
682 4379 760 4449 plane
777 4379 817 4432 P:
848 4378 977 4447 planeque
995 4379 1011 4432 b
1032 4379 1046 4444 ΙΙ
1067 4377 1169 4446 insigni
1186 4380 1316 4448 38111898
1328 4397 1358 4448 p.
1376 4382 1430 4434 26.-

311 4481 365 4518 non
377 4465 434 4520 sine
452 4467 494 4520 Pb
