3300 5142
300 513 346 577 30
722 502 864 559 Minucii
882 503 1010 558 Felicis

301 667 385 733 neris
399 668 431 732 et
445 664 595 731 examinis
618 680 723 728 omues
738 662 902 744 scriptores
928 663 1095 728 uetustatis
1111 660 1221 728 Graeci
1236 665 1428 748 Romanique

300 768 459 835 hominem
472 766 681 851 prodiderunt.
712 765 772 830 scit
786 766 844 830 boe
857 764 960 848 Nepos
981 767 1013 830 et
1033 763 1155 832 Cassius
1177 768 1209 832 in
1223 767 1367 847 historia,
1397 771 1428 834 et

271 874 431 939 challus
446 891 482 937 ae
496 871 649 936 Diodorus
660 868 719 934 boc
732 868 908 950 loquuntur.
925 868 952 934 is
967 868 1072 950 itaque
1088 867 1237 936 Saturnus
1253 869 1344 938 Creta
1358 889 1427 955 pro-

299 978 394 1061 fugus
409 975 536 1041 Italiam
550 973 637 1039 metu
651 972 709 1036 filii
724 971 892 1036 saeuientis
907 972 1091 1050 accesserat,
1121 973 1153 1037 et
1178 973 1246 1038 Iani
1270 977 1428 1058 susceptus

300 1080 434 1162 bospitio
449 1080 540 1143 rudes
550 1077 622 1142 illos
632 1076 771 1140 homines
785 1077 817 1141 61
828 1076 965 1160 agrestes
980 1075 1081 1140 multa
1096 1076 1201 1142 docuit
1213 1079 1248 1142 ut
1261 1077 1427 1144 Graeculus
1449 1101 1460 1140 1

300 1185 333 1248 11
347 1183 473 1266 politus,
488 1181 609 1246 litteras
624 1179 806 1264 inprimere,
821 1196 966 1243 nummos
981 1179 1117 1262 signare,
1133 1179 1341 1247 instrumenta
1356 1199 1428 1246 con·

269 1286 399 1351 eiicere.
424 1286 531 1367 itaque
545 1282 698 1348 latebram
712 1299 816 1360 suam,
833 1281 913 1363 quod
928 1281 996 1346 tuto
1011 1281 1174 1362 latuisset,
1190 1284 1293 1350 uocari
1315 1284 1428 1350 meluit

300 1390 444 1466 Latium,
460 1390 492 1453 et
506 1386 615 1452 urbem
630 1384 807 1451 Saturniam
821 1384 905 1449 idem
926 1384 964 1449 de
987 1402 1041 1449 suo
1065 1385 1186 1451 nomine
1207 1388 1239 1452 61
1254 1387 1427 1452 Ianiculum

272 1492 395 1556 lienus
409 1490 450 1556 ad
464 1490 646 1555 memoriam
668 1489 797 1571 uterque
817 1487 1009 1571 posteritatis
1031 1487 1231 1571 reliquerunt.
1258 1491 1350 1557 homo
1365 1491 1426 1576 igi·

299 1595 353 1658 tur
367 1595 475 1676 utique
490 1594 544 1676 qui
559 1592 659 1677 fugit,
674 1592 765 1657 homo
781 1592 889 1673 utique
904 1591 957 1674 qui
973 1591 1082 1671 latuit,
1099 1593 1130 1658 et
1144 1595 1231 1676 pater
1245 1593 1381 1658 hominis
1395 1595 1462 1658 6111

299 1698 392 1761 natus
407 1716 442 1762 er
456 1696 596 1762 homine:
612 1695 724 1760 Terrae
737 1695 821 1759 enim
836 1695 886 1758 uel
902 1693 986 1759 Caeli
1002 1695 1100 1772 filius,
1122 1696 1203 1778 quod
1223 1697 1307 1780 apud
1330 1697 1426 1763 111111

300 1803 380 1866 61111
394 1800 510 1885 ignotis
524 1799 701 1882 parentibus
713 1798 863 1880 proditus,
880 1798 915 1862 ut
930 1797 963 1862 in
974 1796 1156 1863 hodiernum
1171 1799 1327 1882 inopinato
1342 1801 1426 1866 uisos

269 1904 382 1969 scaelo
397 1904 525 1981 missos,
552 1901 703 1986 ignobiles
727 1903 759 1966 ot
773 1901 895 1984 ignotos
910 1901 1010 1966 terrae
1035 1901 1115 1967 filios
1140 1903 1344 1968 nominamus.
1360 1903 1425 1968 eius

298 2006 382 2072 filius
397 2007 538 2088 Iuppiter
552 2004 660 2070 Cretae
674 2005 795 2070 excluso
809 2005 935 2086 parente
949 2005 1103 2088 regnauit,
1120 2005 1186 2070 illic
1200 2005 1293 2085 obiit,
1310 2005 1424 2071 1111111-

297 2110 358 2174 lios
368 2109 495 2174 habuit:
511 2109 611 2174 adhuc
625 2109 749 2173 autrum
762 2107 846 2172 louis
858 2106 972 2171 uisitur
983 2108 1014 2172 61
1025 2108 1199 2189 sepulcrum
1212 2109 1277 2173 eius
1289 2109 1424 2174 ostendi·
1435 2141 1459 2182 1⁵

297 2214 366 2291 tur,
382 2214 414 2278 et
428 2211 612 2296 ipsis'sacris
627 2211 691 2275 suis
705 2210 909 2275 humanitatis
925 2211 1075 2295 arguitur.

266 2329 287 2383 9
340 2315 483 2381 Otiosum
503 2318 551 2380 est
574 2315 619 2380 116
639 2334 694 2397 per
719 2314 857 2398 singulos
877 2315 908 2378 ot
936 2315 1035 2379 totam
1056 2315 1167 2379 seriem
1192 2315 1312 2399 generis
1334 2316 1426 2381 istius

298 2418 458 2501 explicare,
475 2438 547 2483 curn
561 2417 717 2500 inprimis
732 2417 912 2500 parentibus
927 2418 1057 2498 probata
1072 2419 1247 2484 mortalitas
1262 2419 1295 2484 in
1310 2420 1425 2486 ceteros

296 2521 363 2603 ipso
387 2520 493 2586 ordine
515 2519 714 2612 successionis
735 2519 789 2584 infl
832 2520 908 2598 erit,
934 2519 995 2585 nisi
1021 2519 1101 2586 forte
1121 2522 1337 2604 postmortem
1352 2523 1424 2588 deos

296 2624 432 2708 fingitis,
452 2625 484 2689 61
498 2623 669 2706 perierante
683 2623 796 2688 Procul
830 2622 903 2687 deus
918 2623 1079 2704 Romulus,
1096 2626 1127 2690 et
1143 2625 1221 2690 Iuba
1236 2626 1353 2692 Mauris
1368 2644 1424 2691 uo·
1434 2641 1461 2683 n

297 2727 434 2793 lentibus
458 2728 534 2792 deus
549 2726 610 2804 est,
637 2728 669 2791 61
690 2724 756 2790 diui
777 2727 871 2790 ceteri
886 2745 988 2810 reges,
1016 2727 1070 2809 qui
1082 2731 1296 2794 mnsecrautur
1310 2749 1371 2795 non
1386 2730 1424 2795 ad

246 2830 391 2895 10fidem
413 2830 566 2907 numinis,
588 2830 640 2895 sed
661 2828 700 2894 ad
719 2830 865 2894 honorem
885 2830 1030 2895 emeritae
1050 2832 1224 2913 potestatis.
1246 2833 1355 2897 inuitis
1375 2832 1425 2898 his

297 2934 427 3016 denique
449 2934 506 2999 hoc
527 2952 637 2999 nomen
663 2933 862 2998 adscribitur:
889 2935 997 3015 optant
1022 2934 1054 2999 in
1076 2935 1199 3002 homine
1221 2955 1423 3018 perseuerare,

296 3037 363 3103 lieri
378 3056 410 3102 16
425 3038 497 3103 deos
512 3038 672 3114 metuunt,
695 3038 753 3101 etsi
780 3038 844 3101 iam
868 3056 953 3102 senes
967 3037 1085 3104 nolunt.
1119 3057 1190 3122 ergo
1211 3058 1267 3104 nec
1288 3039 1325 3104 de
1340 3057 1424 3104 mor·

295 3141 360 3205 tuis
375 3140 437 3220 dii,
458 3141 603 3223 quoniam
625 3141 709 3204 Deus
730 3141 809 3205 mori
831 3158 890 3205 non
913 3143 1032 3222 potest,
1047 3159 1103 3207 nec
1117 3143 1155 3208 de
1169 3143 1261 3221 natis,
1279 3144 1460 3224 quoniame

296 3245 430 3311 moritur
444 3263 533 3310 omne
548 3245 629 3327 quod
649 3245 802 3310 nascitur:
831 3245 974 3310 diuinum
995 3249 1100 3312 autem
1122 3246 1154 3311 id
1181 3249 1242 3326 est,
1268 3246 1349 3329 quod
1368 3265 1424 3312 uec

246 3357 284 3413 11
297 3350 400 3415 ortum
414 3348 508 3414 habet
522 3366 578 3414 nec
592 3365 742 3413 occasum.
766 3367 820 3414 eur
836 3348 933 3428 euim,
949 3349 976 3412 si
991 3349 1056 3414 nati
1069 3351 1158 3429 sunt,
1174 3368 1233 3415 non
1245 3349 1336 3414 hodie
1348 3368 1424 3432 quo-

295 3532 433 3601 omnibus)
454 3535 482 3586 61
502 3533 616 3601 despicis
637 3532 716 3586 isidis
737 3532 771 3587 ad
791 3533 961 3588 hirundinem
984 3534 1094 3588 sistrum
1103 3550 1132 3602 p.
1147 3537 1189 3602 31,
1204 3539 1374 3589 7--11111
1387 3536 1425 3589 111

296 3620 399 3674 ueritas
408 3619 488 3674 obuia
500 3619 546 3672 sed
555 3618 753 3687 requirentibus
762 3635 791 3688 p.
803 3622 847 3683 33,
858 3622 907 3684 21;
920 3637 1018 3674 uerum
1029 3619 1154 3674 ordinem
1164 3621 1272 3689 primus
1283 3621 1424 3676 indicauit

295 3706 443 3773 1111111111,-
463 3707 497 3773 cs.
513 3722 658 3759 excursum
670 3707 724 3760 ΠΙ
732 3707 765 3759 in
777 3706 836 3760 1111
849 3705 969 3760 editione

349 3793 365 3849 1
385 3795 509 3846 uetustae
520 3791 620 3846 1611111
635 3790 727 3846 Voneb
738 3793 772 3845 L.
786 3792 819 3845 L.
834 3794 870 3846 56
940 3793 958 3848 2
977 3791 1029 3845 scit
1041 3793 1079 3846 P:
1099 3792 1195 3846 scribit
1207 3793 1339 3848 Pithoeus
1361 3795 1373 3861 ΙΙ
1397 3793 1425 3846 et

293 3879 373 3947 (ante
384 3878 507 3947 Thallus)
519 3877 665 3932 delendrun
676 3878 791 3932 uidetur
837 3878 902 3934 411
914 3877 971 3931 iani
983 3879 1023 3933 P:
1037 3879 1147 3932 etiamr
1194 3877 1423 3935 8111171111.-

293 3964 370 4019 dedit
382 3966 436 4029 Pr,
455 3963 548 4019 deinde
561 3964 697 4032 Bursian,
710 3963 796 4018 indito
808 3963 950 4028 Dombart
969 3964 1043 4018 dedit
1055 3965 1156 4020 deleuit
1174 3965 1304 4022 Gelenius
1347 3968 1383 4024 11
1396 3967 1425 4021 et

293 4051 596 4104 terraenimetcoelir
644 4050 780 4106 14111611
794 4051 822 4104 Ρ
869 4051 1074 4120 15111111111111
1087 4053 1240 4108 Herlitana
1287 4053 1423 4111 nostr.-

293 4138 327 4188 ut
345 4137 489 4190 Meursiue
505 4137 519 4205 ΙΙ
533 4136 684 4205 perierante
697 4137 751 4190 Pr:
778 4137 916 4206 peierante
937 4136 998 4191 edd.
1008 4140 1187 4206 posteriorem
1214 4140 1249 4206 ef.
1269 4140 1371 4195 Vsener
1392 4141 1424 4194 r'rr

293 4221 468 4276 fleckeisen
479 4222 584 4276 Annei.
594 4222 689 4290 philol.
702 4225 776 4277 1865
783 4239 813 4290 p.
827 4225 886 4276 226
898 4239 935 4291 sq.
957 4223 969 4290 11
990 4222 1056 4277 Iuba
1069 4241 1099 4278 r:
1113 4224 1177 4278 iuna
1190 4226 1217 4279 P
1270 4226 1308 4282 22
1327 4226 1424 4280 inuitis

291 4307 408 4377 denique
430 4309 592 4365 Balduinus
673 4309 711 4366 23
729 4311 824 4377 optant
843 4309 963 4362 homiues
981 4327 1005 4378 p.
1030 4311 1183 4365 Heumann
1265 4311 1303 4368 24
1322 4315 1350 4366 et
1371 4311 1424 4366 etsi

294 4395 459 4459 Heumann,
479 4396 562 4450 etiam
573 4412 648 4450 senes
657 4396 776 4450 Vrsinus
823 4395 861 4452 25
873 4398 962 4464 potest
973 4396 1123 4452 Wowerue:
1137 4399 1226 4467 posset
1235 4397 1268 4462 P,
1279 4398 1390 4466 possitr

293 4479 334 4536 27
353 4481 545 4551 hodie'quoque
557 4481 671 4551 scripsi:
691 4481 821 4550 hodieque
834 4481 892 4550 Pr,-
912 4483 946 4548 es.
967 4483 1046 4552 Oppr.
1061 4483 1076 4536 l.
1091 4501 1112 4538 e.
1127 4488 1154 4552 2,
1169 4487 1186 4536 3
