<?xml version="1.0" encoding="UTF-8"?>
<!DOCTYPE html PUBLIC "-//W3C//DTD XHTML 1.0 Transitional//EN"
    "http://www.w3.org/TR/xhtml1/DTD/xhtml1-transitional.dtd">
<html xmlns="http://www.w3.org/1999/xhtml" xml:lang="en" lang="en">
 <head>
  <title>
</title>
<meta http-equiv="Content-Type" content="text/html;charset=utf-8" />
  <meta name='ocr-system' content='tesseract 3.04.00' />
  <meta name='ocr-capabilities' content='ocr_page ocr_carea ocr_par ocr_line ocrx_word'/>
</head>
<body>
  <div class='ocr_page' id='page_1' title='image "./corpusscriptoru12wissgoog_0148.png"; bbox 0 0 3300 5142; ppageno 0'>
   <div class='ocr_carea' id='block_1_1' title="bbox 350 503 1056 576">
    <p class='ocr_par' dir='ltr' id='par_1_1' title="bbox 350 503 1056 576">
     <span class='ocr_line' id='line_1_1' title="bbox 350 503 1056 576; baseline -0.007 -15"><span class='ocrx_word' id='word_1_1' title='bbox 350 509 413 576; x_wconf 85' lang='lat'>130</span> <span class='ocrx_word' id='word_1_2' title='bbox 770 503 920 573; x_wconf 80' lang='lat' dir='ltr'>Sulpicii</span> <span class='ocrx_word' id='word_1_3' title='bbox 938 503 1056 558; x_wconf 83' lang='lat' dir='ltr'>Seueri</span> 
     </span>
    </p>
   </div>
   <div class='ocr_carea' id='block_1_2' title="bbox 296 652 1521 3393">
    <p class='ocr_par' dir='ltr' id='par_1_2' title="bbox 304 652 1520 2486">
     <span class='ocr_line' id='line_1_2' title="bbox 348 652 1478 742; baseline -0.011 -14"><span class='ocrx_word' id='word_1_4' title='bbox 348 661 438 728; x_wconf 88' lang='lat' dir='ltr'>oerot.</span> <span class='ocrx_word' id='word_1_5' title='bbox 454 659 744 742; x_wconf 74' lang='lat' dir='ltr'>celeberrimumque</span> <span class='ocrx_word' id='word_1_6' title='bbox 759 676 813 741; x_wconf 88' lang='lat' dir='ltr'>per</span> <span class='ocrx_word' id='word_1_7' title='bbox 827 675 917 724; x_wconf 91' lang='lat' dir='ltr'>omne</span> <span class='ocrx_word' id='word_1_8' title='bbox 930 657 1081 740; x_wconf 79' lang='lat' dir='ltr'>palatium</span> <span class='ocrx_word' id='word_1_9' title='bbox 1096 656 1167 734; x_wconf 85' lang='lat' dir='ltr'>fnit,</span> <span class='ocrx_word' id='word_1_10' title='bbox 1182 655 1292 722; x_wconf 78' lang='lat' dir='ltr'>iecisse</span> <span class='ocrx_word' id='word_1_11' title='bbox 1306 652 1478 718; x_wconf 83' lang='lat' dir='ltr'>lllsrtinum</span> 
     </span>
     <span class='ocr_line' id='line_1_3' title="bbox 349 756 1477 848; baseline -0.011 -18"><span class='ocrx_word' id='word_1_12' title='bbox 349 765 381 830; x_wconf 89' lang='lat' dir='ltr'>in</span> <span class='ocrx_word' id='word_1_13' title='bbox 400 763 482 848; x_wconf 81' lang='lat' dir='ltr'>regis</span> <span class='ocrx_word' id='word_1_14' title='bbox 507 763 648 845; x_wconf 74' lang='lat' dir='ltr'>prandio,</span> <span class='ocrx_word' id='word_1_15' title='bbox 682 761 762 844; x_wconf 88' lang='lat' dir='ltr'>quod</span> <span class='ocrx_word' id='word_1_16' title='bbox 788 761 820 826; x_wconf 89' lang='lat' dir='ltr'>in</span> <span class='ocrx_word' id='word_1_17' title='bbox 845 760 1022 826; x_wconf 86' lang='lat' dir='ltr'>infimomm</span> <span class='ocrx_word' id='word_1_18' title='bbox 1046 760 1184 826; x_wconf 80' lang='lat' dir='ltr'>iudicum</span> <span class='ocrx_word' id='word_1_19' title='bbox 1209 756 1360 823; x_wconf 86' lang='lat' dir='ltr'>conuiuiis</span> <span class='ocrx_word' id='word_1_20' title='bbox 1384 771 1477 820; x_wconf 92' lang='lat' dir='ltr'>nemo</span> 
     </span>
     <span class='ocr_line' id='line_1_4' title="bbox 321 856 1477 949; baseline -0.007 -19"><span class='ocrx_word' id='word_1_21' title='bbox 321 867 557 949; x_wconf 80' lang='lat' dir='ltr'>sepiseoporum</span> <span class='ocrx_word' id='word_1_22' title='bbox 571 863 701 930; x_wconf 80' lang='lat' dir='ltr'>fecisset.</span> <span class='ocrx_word' id='word_1_23' title='bbox 729 864 890 946; x_wconf 88' lang='lat' dir='ltr'>eidemque</span> <span class='ocrx_word' id='word_1_24' title='bbox 904 863 1041 929; x_wconf 80' lang='lat' dir='ltr'>Maximo</span> <span class='ocrx_word' id='word_1_25' title='bbox 1055 863 1147 948; x_wconf 83' lang='lat' dir='ltr'>longe</span> <span class='ocrx_word' id='word_1_26' title='bbox 1168 864 1240 927; x_wconf 84' lang='lat' dir='ltr'>ente</span> <span class='ocrx_word' id='word_1_27' title='bbox 1254 857 1405 943; x_wconf 75' lang='lat' dir='ltr'>prsedixit</span> <span class='ocrx_word' id='word_1_28' title='bbox 1425 856 1477 922; x_wconf 83' lang='lat' dir='ltr'>fu·</span> 
     </span>
     <span class='ocr_line' id='line_1_5' title="bbox 349 961 1478 1052; baseline -0.009 -17"><span class='ocrx_word' id='word_1_29' title='bbox 349 972 455 1035; x_wconf 88' lang='lat' dir='ltr'>turum</span> <span class='ocrx_word' id='word_1_30' title='bbox 480 969 533 1046; x_wconf 90' lang='lat' dir='ltr'>ut,</span> <span class='ocrx_word' id='word_1_31' title='bbox 566 967 593 1032; x_wconf 89' lang='lat' dir='ltr'>si</span> <span class='ocrx_word' id='word_1_32' title='bbox 617 967 656 1032; x_wconf 86' lang='lat' dir='ltr'>ed</span> <span class='ocrx_word' id='word_1_33' title='bbox 681 967 807 1033; x_wconf 76' lang='lat' dir='ltr'>Italiam</span> <span class='ocrx_word' id='word_1_34' title='bbox 832 968 986 1052; x_wconf 78' lang='lat' dir='ltr'>pergeret,</span> <span class='ocrx_word' id='word_1_35' title='bbox 1012 983 1073 1049; x_wconf 92' lang='lat' dir='ltr'>quo</span> <span class='ocrx_word' id='word_1_36' title='bbox 1098 965 1143 1032; x_wconf 90' lang='lat' dir='ltr'>ire</span> <span class='ocrx_word' id='word_1_37' title='bbox 1170 963 1326 1047; x_wconf 86' lang='lat' dir='ltr'>eupiebst,</span> <span class='ocrx_word' id='word_1_38' title='bbox 1360 961 1478 1027; x_wconf 88' lang='lat' dir='ltr'>bellum</span> 
     </span>
     <span class='ocr_line' id='line_1_6' title="bbox 348 1065 1500 1152; baseline -0.005 -16"><span class='ocrx_word' id='word_1_39' title='bbox 348 1071 561 1138; x_wconf 77' lang='lat' dir='ltr'>Valentiniano</span> <span class='ocrx_word' id='word_1_40' title='bbox 577 1069 754 1152; x_wconf 81' lang='lat' dir='ltr'>imperatori</span> <span class='ocrx_word' id='word_1_41' title='bbox 769 1069 918 1148; x_wconf 81' lang='lat' dir='ltr'>inferens,</span> <span class='ocrx_word' id='word_1_42' title='bbox 944 1069 1037 1136; x_wconf 86' lang='lat' dir='ltr'>eoiret</span> <span class='ocrx_word' id='word_1_43' title='bbox 1051 1087 1084 1134; x_wconf 89' lang='lat' dir='ltr'>se</span> <span class='ocrx_word' id='word_1_44' title='bbox 1098 1069 1201 1151; x_wconf 89' lang='lat' dir='ltr'>primo</span> <span class='ocrx_word' id='word_1_45' title='bbox 1216 1068 1343 1150; x_wconf 89' lang='lat' dir='ltr'>quidem</span> <span class='ocrx_word' id='word_1_46' title='bbox 1357 1065 1500 1148; x_wconf 75' lang='lat' dir='ltr'>impetus</span> 
     </span>
     <span class='ocr_line' id='line_1_7' title="bbox 349 1169 1476 1256; baseline -0.006 -17"><span class='ocrx_word' id='word_1_47' title='bbox 349 1174 490 1239; x_wconf 83' lang='lat' dir='ltr'>futurum</span> <span class='ocrx_word' id='word_1_48' title='bbox 511 1191 576 1238; x_wconf 90' lang='lat' dir='ltr'>esse</span> <span class='ocrx_word' id='word_1_49' title='bbox 601 1172 765 1251; x_wconf 86' lang='lat' dir='ltr'>uictorem,</span> <span class='ocrx_word' id='word_1_50' title='bbox 792 1173 846 1238; x_wconf 90' lang='lat' dir='ltr'>sed</span> <span class='ocrx_word' id='word_1_51' title='bbox 861 1191 955 1256; x_wconf 87' lang='lat' dir='ltr'>psruo</span> <span class='ocrx_word' id='word_1_52' title='bbox 969 1174 1039 1255; x_wconf 90' lang='lat' dir='ltr'>post</span> <span class='ocrx_word' id='word_1_53' title='bbox 1063 1173 1200 1255; x_wconf 86' lang='lat' dir='ltr'>tempore</span> <span class='ocrx_word' id='word_1_54' title='bbox 1214 1189 1279 1236; x_wconf 90' lang='lat' dir='ltr'>esse</span> <span class='ocrx_word' id='word_1_55' title='bbox 1293 1169 1476 1253; x_wconf 87' lang='lat' dir='ltr'>periturum.</span> 
     </span>
     <span class='ocr_line' id='line_1_8' title="bbox 323 1271 1478 1358; baseline -0.004 -18"><span class='ocrx_word' id='word_1_56' title='bbox 323 1276 430 1358; x_wconf 74' lang='lat' dir='ltr'>equod</span> <span class='ocrx_word' id='word_1_57' title='bbox 446 1274 570 1357; x_wconf 88' lang='lat' dir='ltr'>quidem</span> <span class='ocrx_word' id='word_1_58' title='bbox 583 1276 629 1340; x_wconf 86' lang='lat' dir='ltr'>ite</span> <span class='ocrx_word' id='word_1_59' title='bbox 642 1275 787 1341; x_wconf 89' lang='lat' dir='ltr'>uidimus.</span> <span class='ocrx_word' id='word_1_60' title='bbox 811 1296 884 1341; x_wconf 86' lang='lat' dir='ltr'>nem</span> <span class='ocrx_word' id='word_1_61' title='bbox 899 1275 999 1358; x_wconf 91' lang='lat' dir='ltr'>primo</span> <span class='ocrx_word' id='word_1_62' title='bbox 1013 1276 1148 1341; x_wconf 79' lang='lat' dir='ltr'>aduentu</span> <span class='ocrx_word' id='word_1_63' title='bbox 1162 1275 1229 1340; x_wconf 91' lang='lat' dir='ltr'>eius</span> <span class='ocrx_word' id='word_1_64' title='bbox 1243 1271 1478 1338; x_wconf 67' lang='lat' dir='ltr'>Valentinianus</span> 
     </span>
     <span class='ocr_line' id='line_1_9' title="bbox 350 1374 1478 1462; baseline -0.005 -18"><span class='ocrx_word' id='word_1_65' title='bbox 350 1379 384 1444; x_wconf 90' lang='lat' dir='ltr'>in</span> <span class='ocrx_word' id='word_1_66' title='bbox 409 1376 515 1462; x_wconf 83' lang='lat' dir='ltr'>iugem</span> <span class='ocrx_word' id='word_1_67' title='bbox 541 1396 645 1442; x_wconf 90' lang='lat' dir='ltr'>uersus</span> <span class='ocrx_word' id='word_1_68' title='bbox 671 1380 731 1443; x_wconf 88' lang='lat' dir='ltr'>est:</span> <span class='ocrx_word' id='word_1_69' title='bbox 758 1378 867 1444; x_wconf 89' lang='lat' dir='ltr'>deinde</span> <span class='ocrx_word' id='word_1_70' title='bbox 881 1380 951 1461; x_wconf 88' lang='lat' dir='ltr'>post</span> <span class='ocrx_word' id='word_1_71' title='bbox 965 1397 1079 1444; x_wconf 81' lang='lat' dir='ltr'>sunum</span> <span class='ocrx_word' id='word_1_72' title='bbox 1093 1377 1156 1442; x_wconf 85' lang='lat' dir='ltr'>iere</span> <span class='ocrx_word' id='word_1_73' title='bbox 1171 1375 1338 1459; x_wconf 90' lang='lat' dir='ltr'>resumptis</span> <span class='ocrx_word' id='word_1_74' title='bbox 1352 1374 1478 1440; x_wconf 88' lang='lat' dir='ltr'>uiribus</span> 
     </span>
     <span class='ocr_line' id='line_1_10' title="bbox 352 1479 1230 1563; baseline -0.002 -17"><span class='ocrx_word' id='word_1_75' title='bbox 352 1483 477 1562; x_wconf 82' lang='lat' dir='ltr'>septum</span> <span class='ocrx_word' id='word_1_76' title='bbox 491 1480 573 1546; x_wconf 81' lang='lat' dir='ltr'>intre</span> <span class='ocrx_word' id='word_1_77' title='bbox 587 1481 747 1563; x_wconf 79' lang='lat' dir='ltr'>Aquileiae</span> <span class='ocrx_word' id='word_1_78' title='bbox 763 1499 867 1546; x_wconf 88' lang='lat' dir='ltr'>muros</span> <span class='ocrx_word' id='word_1_79' title='bbox 881 1481 1053 1548; x_wconf 77' lang='lat' dir='ltr'>Maximum</span> <span class='ocrx_word' id='word_1_80' title='bbox 1067 1479 1230 1545; x_wconf 80' lang='lat' dir='ltr'>interierit.</span> 
     </span>
     <span class='ocr_line' id='line_1_11' title="bbox 304 1580 1517 1668; baseline -0.003 -20"><span class='ocrx_word' id='word_1_81' title='bbox 304 1586 341 1648; x_wconf 81' lang='lat'>21</span> <span class='ocrx_word' id='word_1_82' title='bbox 396 1581 521 1648; x_wconf 85' lang='lat' dir='ltr'>Constet</span> <span class='ocrx_word' id='word_1_83' title='bbox 546 1585 651 1647; x_wconf 89' lang='lat' dir='ltr'>sutem</span> <span class='ocrx_word' id='word_1_84' title='bbox 676 1583 770 1648; x_wconf 85' lang='lat' dir='ltr'>etiem</span> <span class='ocrx_word' id='word_1_85' title='bbox 795 1583 919 1668; x_wconf 80' lang='lat' dir='ltr'>angelos</span> <span class='ocrx_word' id='word_1_86' title='bbox 944 1584 983 1648; x_wconf 88' lang='lat' dir='ltr'>sb</span> <span class='ocrx_word' id='word_1_87' title='bbox 1001 1601 1036 1648; x_wconf 91' lang='lat' dir='ltr'>eo</span> <span class='ocrx_word' id='word_1_88' title='bbox 1051 1583 1232 1666; x_wconf 90' lang='lat' dir='ltr'>plerumque</span> <span class='ocrx_word' id='word_1_89' title='bbox 1247 1582 1350 1659; x_wconf 88' lang='lat' dir='ltr'>uisos,</span> <span class='ocrx_word' id='word_1_90' title='bbox 1375 1580 1422 1646; x_wconf 88' lang='lat' dir='ltr'>its</span> <span class='ocrx_word' id='word_1_91' title='bbox 1438 1583 1517 1646; x_wconf 74' lang='lat' dir='ltr'>utro</span> 
     </span>
     <span class='ocr_line' id='line_1_12' title="bbox 308 1681 1481 1768; baseline -0.003 -16"><span class='ocrx_word' id='word_1_92' title='bbox 308 1681 313 1688; x_wconf 83' lang='lat'>&#39;</span> <span class='ocrx_word' id='word_1_93' title='bbox 353 1688 488 1752; x_wconf 79' lang='lat' dir='ltr'>conserto</span> <span class='ocrx_word' id='word_1_94' title='bbox 503 1685 584 1768; x_wconf 84' lang='lat' dir='ltr'>apud</span> <span class='ocrx_word' id='word_1_95' title='bbox 599 1704 670 1750; x_wconf 90' lang='lat' dir='ltr'>eum</span> <span class='ocrx_word' id='word_1_96' title='bbox 684 1684 816 1752; x_wconf 79' lang='lat' dir='ltr'>inuicem</span> <span class='ocrx_word' id='word_1_97' title='bbox 832 1704 968 1752; x_wconf 84' lang='lat' dir='ltr'>sermone</span> <span class='ocrx_word' id='word_1_98' title='bbox 989 1687 1204 1768; x_wconf 79' lang='lat' dir='ltr'>loquerentur:</span> <span class='ocrx_word' id='word_1_99' title='bbox 1235 1685 1392 1750; x_wconf 81' lang='lat' dir='ltr'>diabolum</span> <span class='ocrx_word' id='word_1_100' title='bbox 1406 1702 1481 1748; x_wconf 92' lang='lat' dir='ltr'>uero</span> 
     </span>
     <span class='ocr_line' id='line_1_13' title="bbox 353 1786 1481 1870; baseline -0.004 -16"><span class='ocrx_word' id='word_1_101' title='bbox 353 1791 398 1854; x_wconf 88' lang='lat' dir='ltr'>its</span> <span class='ocrx_word' id='word_1_102' title='bbox 412 1786 648 1870; x_wconf 84' lang='lat' dir='ltr'>oonspiesbilem</span> <span class='ocrx_word' id='word_1_103' title='bbox 663 1789 694 1852; x_wconf 92' lang='lat' dir='ltr'>et</span> <span class='ocrx_word' id='word_1_104' title='bbox 708 1789 881 1853; x_wconf 79' lang='lat' dir='ltr'>subiectum</span> <span class='ocrx_word' id='word_1_105' title='bbox 894 1789 991 1854; x_wconf 82' lang='lat' dir='ltr'>oeulis</span> <span class='ocrx_word' id='word_1_106' title='bbox 1005 1789 1157 1868; x_wconf 77' lang='lat' dir='ltr'>habebat,</span> <span class='ocrx_word' id='word_1_107' title='bbox 1184 1791 1220 1854; x_wconf 92' lang='lat' dir='ltr'>ut</span> <span class='ocrx_word' id='word_1_108' title='bbox 1234 1788 1300 1854; x_wconf 89' lang='lat' dir='ltr'>siue</span> <span class='ocrx_word' id='word_1_109' title='bbox 1314 1807 1346 1854; x_wconf 93' lang='lat' dir='ltr'>se</span> <span class='ocrx_word' id='word_1_110' title='bbox 1360 1787 1393 1852; x_wconf 93' lang='lat' dir='ltr'>in</span> <span class='ocrx_word' id='word_1_111' title='bbox 1407 1805 1481 1868; x_wconf 88' lang='lat' dir='ltr'>pro·</span> 
     </span>
     <span class='ocr_line' id='line_1_14' title="bbox 353 1889 1481 1978; baseline -0.002 -22"><span class='ocrx_word' id='word_1_112' title='bbox 353 1892 420 1974; x_wconf 85' lang='lat' dir='ltr'>pris</span> <span class='ocrx_word' id='word_1_113' title='bbox 430 1889 602 1958; x_wconf 72' lang='lat' dir='ltr'>substantie</span> <span class='ocrx_word' id='word_1_114' title='bbox 613 1890 788 1968; x_wconf 76' lang='lat' dir='ltr'>contineret,</span> <span class='ocrx_word' id='word_1_115' title='bbox 805 1892 870 1956; x_wconf 91' lang='lat' dir='ltr'>sine</span> <span class='ocrx_word' id='word_1_116' title='bbox 884 1892 917 1956; x_wconf 90' lang='lat' dir='ltr'>in</span> <span class='ocrx_word' id='word_1_117' title='bbox 928 1893 1063 1958; x_wconf 79' lang='lat' dir='ltr'>diuersos</span> <span class='ocrx_word' id='word_1_118' title='bbox 1074 1891 1191 1978; x_wconf 82' lang='lat' dir='ltr'>figures</span> <span class='ocrx_word' id='word_1_119' title='bbox 1205 1891 1355 1974; x_wconf 82' lang='lat' dir='ltr'>spiritalis</span> <span class='ocrx_word' id='word_1_120' title='bbox 1370 1889 1481 1972; x_wconf 89' lang='lat' dir='ltr'>nequi·</span> 
     </span>
     <span class='ocr_line' id='line_1_15' title="bbox 327 1993 1482 2079; baseline -0.004 -18"><span class='ocrx_word' id='word_1_121' title='bbox 327 1995 417 2062; x_wconf 75' lang='lat' dir='ltr'>osee</span> <span class='ocrx_word' id='word_1_122' title='bbox 442 1994 669 2070; x_wconf 71' lang='lat' dir='ltr'>transiluisset,</span> <span class='ocrx_word' id='word_1_123' title='bbox 696 1993 834 2076; x_wconf 84' lang='lat' dir='ltr'>quelibet</span> <span class='ocrx_word' id='word_1_124' title='bbox 859 1994 898 2058; x_wconf 89' lang='lat' dir='ltr'>eb</span> <span class='ocrx_word' id='word_1_125' title='bbox 923 2013 958 2059; x_wconf 93' lang='lat' dir='ltr'>eo</span> <span class='ocrx_word' id='word_1_126' title='bbox 982 1995 1040 2060; x_wconf 91' lang='lat' dir='ltr'>sub</span> <span class='ocrx_word' id='word_1_127' title='bbox 1055 1995 1191 2079; x_wconf 74' lang='lat' dir='ltr'>imagine</span> <span class='ocrx_word' id='word_1_128' title='bbox 1205 1995 1371 2060; x_wconf 87' lang='lat' dir='ltr'>uideretur.</span> <span class='ocrx_word' id='word_1_129' title='bbox 1398 1993 1482 2075; x_wconf 91' lang='lat' dir='ltr'>quod</span> 
     </span>
     <span class='ocr_line' id='line_1_16' title="bbox 355 2095 1520 2180; baseline 0 -16"><span class='ocrx_word' id='word_1_130' title='bbox 355 2115 426 2164; x_wconf 89' lang='lat' dir='ltr'>oum</span> <span class='ocrx_word' id='word_1_131' title='bbox 447 2096 585 2162; x_wconf 81' lang='lat' dir='ltr'>diabolus</span> <span class='ocrx_word' id='word_1_132' title='bbox 600 2097 692 2162; x_wconf 87' lang='lat' dir='ltr'>eoiret</span> <span class='ocrx_word' id='word_1_133' title='bbox 706 2115 738 2162; x_wconf 89' lang='lat' dir='ltr'>se</span> <span class='ocrx_word' id='word_1_134' title='bbox 752 2095 884 2180; x_wconf 78' lang='lat' dir='ltr'>elingere</span> <span class='ocrx_word' id='word_1_135' title='bbox 899 2113 958 2163; x_wconf 91' lang='lat' dir='ltr'>non</span> <span class='ocrx_word' id='word_1_136' title='bbox 971 2115 1071 2180; x_wconf 90' lang='lat' dir='ltr'>posse,</span> <span class='ocrx_word' id='word_1_137' title='bbox 1094 2098 1240 2163; x_wconf 87' lang='lat' dir='ltr'>eonuieiis</span> <span class='ocrx_word' id='word_1_138' title='bbox 1254 2117 1325 2163; x_wconf 93' lang='lat' dir='ltr'>eum</span> <span class='ocrx_word' id='word_1_139' title='bbox 1338 2095 1520 2178; x_wconf 74' lang='lat' dir='ltr'>frequen-1:</span> 
     </span>
     <span class='ocr_line' id='line_1_17' title="bbox 354 2198 1479 2283; baseline -0.003 -18"><span class='ocrx_word' id='word_1_140' title='bbox 354 2202 401 2265; x_wconf 89' lang='lat' dir='ltr'>ter</span> <span class='ocrx_word' id='word_1_141' title='bbox 411 2199 571 2283; x_wconf 79' lang='lat' dir='ltr'>urguebat,</span> <span class='ocrx_word' id='word_1_142' title='bbox 587 2199 659 2281; x_wconf 90' lang='lat' dir='ltr'>quis</span> <span class='ocrx_word' id='word_1_143' title='bbox 673 2198 778 2264; x_wconf 81' lang='lat' dir='ltr'>fellere</span> <span class='ocrx_word' id='word_1_144' title='bbox 793 2217 853 2264; x_wconf 92' lang='lat' dir='ltr'>non</span> <span class='ocrx_word' id='word_1_145' title='bbox 867 2200 969 2280; x_wconf 89' lang='lat' dir='ltr'>posset</span> <span class='ocrx_word' id='word_1_146' title='bbox 982 2199 1113 2264; x_wconf 90' lang='lat' dir='ltr'>insidiis.</span> <span class='ocrx_word' id='word_1_147' title='bbox 1134 2201 1267 2282; x_wconf 83' lang='lat' dir='ltr'>quodem</span> <span class='ocrx_word' id='word_1_148' title='bbox 1276 2201 1381 2264; x_wconf 87' lang='lat' dir='ltr'>eutem</span> <span class='ocrx_word' id='word_1_149' title='bbox 1394 2201 1479 2262; x_wconf 93' lang='lat' dir='ltr'>tem·</span> 
     </span>
     <span class='ocr_line' id='line_1_18' title="bbox 356 2301 1482 2386; baseline -0.003 -18"><span class='ocrx_word' id='word_1_150' title='bbox 356 2321 426 2386; x_wconf 91' lang='lat' dir='ltr'>pore</span> <span class='ocrx_word' id='word_1_151' title='bbox 447 2320 539 2367; x_wconf 85' lang='lat' dir='ltr'>eornu</span> <span class='ocrx_word' id='word_1_152' title='bbox 553 2301 641 2367; x_wconf 87' lang='lat' dir='ltr'>bouis</span> <span class='ocrx_word' id='word_1_153' title='bbox 662 2303 821 2367; x_wconf 81' lang='lat' dir='ltr'>cruentum</span> <span class='ocrx_word' id='word_1_154' title='bbox 841 2301 874 2365; x_wconf 90' lang='lat' dir='ltr'>in</span> <span class='ocrx_word' id='word_1_155' title='bbox 888 2319 981 2366; x_wconf 80' lang='lat' dir='ltr'>menn</span> <span class='ocrx_word' id='word_1_156' title='bbox 1001 2303 1105 2366; x_wconf 89' lang='lat' dir='ltr'>tenens</span> <span class='ocrx_word' id='word_1_157' title='bbox 1125 2321 1197 2367; x_wconf 89' lang='lat' dir='ltr'>oum</span> <span class='ocrx_word' id='word_1_158' title='bbox 1216 2303 1334 2386; x_wconf 78' lang='lat' dir='ltr'>ingenti</span> <span class='ocrx_word' id='word_1_159' title='bbox 1354 2301 1482 2366; x_wconf 79' lang='lat' dir='ltr'>fremitu</span> 
     </span>
     <span class='ocr_line' id='line_1_19' title="bbox 357 2404 1482 2486; baseline -0.001 -16"><span class='ocrx_word' id='word_1_160' title='bbox 357 2405 501 2471; x_wconf 88' lang='lat' dir='ltr'>eellulsm</span> <span class='ocrx_word' id='word_1_161' title='bbox 522 2404 586 2469; x_wconf 91' lang='lat' dir='ltr'>eius</span> <span class='ocrx_word' id='word_1_162' title='bbox 608 2404 739 2486; x_wconf 78' lang='lat' dir='ltr'>inrupit,</span> <span class='ocrx_word' id='word_1_163' title='bbox 762 2404 979 2486; x_wconf 74' lang='lat' dir='ltr'>cruentumque</span> <span class='ocrx_word' id='word_1_164' title='bbox 1005 2405 1164 2470; x_wconf 88' lang='lat' dir='ltr'>ostendens</span> <span class='ocrx_word' id='word_1_165' title='bbox 1189 2404 1345 2470; x_wconf 82' lang='lat' dir='ltr'>dexterum</span> <span class='ocrx_word' id='word_1_166' title='bbox 1369 2406 1401 2468; x_wconf 89' lang='lat' dir='ltr'>et</span> <span class='ocrx_word' id='word_1_167' title='bbox 1425 2404 1482 2469; x_wconf 86' lang='lat' dir='ltr'>sd·</span> 
     </span>
    </p>

    <p class='ocr_par' dir='ltr' id='par_1_3' title="bbox 296 2491 1521 3393">
     <span class='ocr_line' id='line_1_20' title="bbox 296 2491 1482 2590; baseline -0.001 -16"><span class='ocrx_word' id='word_1_168' title='bbox 296 2499 298 2504; x_wconf 72' lang='grc'><strong>’</strong></span> <span class='ocrx_word' id='word_1_169' title='bbox 358 2491 452 2574; x_wconf 83' lang='lat' dir='ltr'>misso</span> <span class='ocrx_word' id='word_1_170' title='bbox 467 2525 568 2572; x_wconf 85' lang='lat' dir='ltr'>reeens</span> <span class='ocrx_word' id='word_1_171' title='bbox 583 2506 694 2570; x_wconf 81' lang='lat' dir='ltr'>scelere</span> <span class='ocrx_word' id='word_1_172' title='bbox 708 2498 919 2590; x_wconf 80' lang='lat' dir='ltr'>gnudens‘ubi</span> <span class='ocrx_word' id='word_1_173' title='bbox 933 2493 990 2570; x_wconf 85' lang='lat' dir='ltr'>est&#39;</span> <span class='ocrx_word' id='word_1_174' title='bbox 1001 2506 1112 2590; x_wconf 87' lang='lat' dir='ltr'>inquit,</span> <span class='ocrx_word' id='word_1_175' title='bbox 1126 2499 1278 2586; x_wconf 72' lang='lat' dir='ltr'>‘Msrtine</span> <span class='ocrx_word' id='word_1_176' title='bbox 1294 2508 1393 2573; x_wconf 88' lang='lat' dir='ltr'>uirtus</span> <span class='ocrx_word' id='word_1_177' title='bbox 1404 2509 1482 2574; x_wconf 78' lang='lat' dir='ltr'>tue?</span> 
     </span>
     <span class='ocr_line' id='line_1_21' title="bbox 331 2598 1517 2676; baseline -0.003 0"><span class='ocrx_word' id='word_1_178' title='bbox 331 2621 456 2676; x_wconf 76' lang='lat' dir='ltr'>sunum</span> <span class='ocrx_word' id='word_1_179' title='bbox 470 2608 507 2672; x_wconf 90' lang='lat' dir='ltr'>de</span> <span class='ocrx_word' id='word_1_180' title='bbox 522 2608 584 2673; x_wconf 90' lang='lat' dir='ltr'>tuis</span> <span class='ocrx_word' id='word_1_181' title='bbox 600 2607 690 2672; x_wconf 91' lang='lat' dir='ltr'>modo</span> <span class='ocrx_word' id='word_1_182' title='bbox 705 2598 862 2672; x_wconf 86' lang='lat' dir='ltr'>interfeei&#39;.</span> <span class='ocrx_word' id='word_1_183' title='bbox 884 2609 958 2673; x_wconf 90' lang='lat' dir='ltr'>tuno</span> <span class='ocrx_word' id='word_1_184' title='bbox 971 2608 1026 2674; x_wconf 94' lang='lat' dir='ltr'>ille</span> <span class='ocrx_word' id='word_1_185' title='bbox 1040 2609 1212 2674; x_wconf 78' lang='lat' dir='ltr'>conuocatis</span> <span class='ocrx_word' id='word_1_186' title='bbox 1227 2609 1372 2676; x_wconf 81' lang='lat' dir='ltr'>frutribus</span> <span class='ocrx_word' id='word_1_187' title='bbox 1386 2611 1481 2676; x_wconf 84' lang='lat' dir='ltr'>refert</span> <span class='ocrx_word' id='word_1_188' title='bbox 1490 2631 1517 2672; x_wconf 81' lang='lat' dir='ltr'>so</span> 
     </span>
     <span class='ocr_line' id='line_1_22' title="bbox 360 2709 1480 2794; baseline 0.004 -19"><span class='ocrx_word' id='word_1_189' title='bbox 360 2711 434 2794; x_wconf 90' lang='lat' dir='ltr'>quid</span> <span class='ocrx_word' id='word_1_190' title='bbox 450 2709 589 2776; x_wconf 82' lang='lat' dir='ltr'>diabolus</span> <span class='ocrx_word' id='word_1_191' title='bbox 605 2710 782 2774; x_wconf 80' lang='lat' dir='ltr'>indicasset:</span> <span class='ocrx_word' id='word_1_192' title='bbox 805 2711 953 2775; x_wconf 87' lang='lat' dir='ltr'>sollieitos</span> <span class='ocrx_word' id='word_1_193' title='bbox 973 2711 1017 2776; x_wconf 89' lang='lat' dir='ltr'>ire</span> <span class='ocrx_word' id='word_1_194' title='bbox 1037 2712 1184 2794; x_wconf 83' lang='lat' dir='ltr'>praecipit</span> <span class='ocrx_word' id='word_1_195' title='bbox 1202 2730 1255 2794; x_wconf 92' lang='lat' dir='ltr'>per</span> <span class='ocrx_word' id='word_1_196' title='bbox 1275 2712 1400 2778; x_wconf 87' lang='lat' dir='ltr'>oellules</span> <span class='ocrx_word' id='word_1_197' title='bbox 1414 2715 1480 2780; x_wconf 91' lang='lat' dir='ltr'>sin·</span> 
     </span>
     <span class='ocr_line' id='line_1_23' title="bbox 361 2812 1484 2898; baseline 0.004 -23"><span class='ocrx_word' id='word_1_198' title='bbox 361 2813 519 2898; x_wconf 84' lang='lat' dir='ltr'>gulorum,</span> <span class='ocrx_word' id='word_1_199' title='bbox 548 2813 689 2894; x_wconf 83' lang='lat' dir='ltr'>quisnam</span> <span class='ocrx_word' id='word_1_200' title='bbox 708 2812 766 2876; x_wconf 90' lang='lat' dir='ltr'>hoo</span> <span class='ocrx_word' id='word_1_201' title='bbox 787 2831 859 2878; x_wconf 87' lang='lat' dir='ltr'>essu</span> <span class='ocrx_word' id='word_1_202' title='bbox 878 2812 1017 2879; x_wconf 82' lang='lat' dir='ltr'>adiectus</span> <span class='ocrx_word' id='word_1_203' title='bbox 1037 2814 1156 2880; x_wconf 86' lang='lat' dir='ltr'>fuisset.</span> <span class='ocrx_word' id='word_1_204' title='bbox 1185 2815 1338 2882; x_wconf 91' lang='lat' dir='ltr'>neminem</span> <span class='ocrx_word' id='word_1_205' title='bbox 1358 2817 1484 2898; x_wconf 91' lang='lat' dir='ltr'>quidem</span> 
     </span>
     <span class='ocr_line' id='line_1_24' title="bbox 362 2915 1483 2996; baseline 0.003 -16"><span class='ocrx_word' id='word_1_206' title='bbox 362 2917 464 2980; x_wconf 88' lang='lat' dir='ltr'>deesse</span> <span class='ocrx_word' id='word_1_207' title='bbox 490 2915 527 2980; x_wconf 91' lang='lat' dir='ltr'>de</span> <span class='ocrx_word' id='word_1_208' title='bbox 552 2915 722 2995; x_wconf 83' lang='lat' dir='ltr'>monachis,</span> <span class='ocrx_word' id='word_1_209' title='bbox 756 2915 927 2981; x_wconf 90' lang='lat' dir='ltr'>sedunum</span> <span class='ocrx_word' id='word_1_210' title='bbox 953 2917 1105 2982; x_wconf 83' lang='lat' dir='ltr'>mstieum</span> <span class='ocrx_word' id='word_1_211' title='bbox 1129 2918 1266 2982; x_wconf 83' lang='lat' dir='ltr'>mercede</span> <span class='ocrx_word' id='word_1_212' title='bbox 1290 2919 1483 2996; x_wconf 84' lang='lat' dir='ltr'>oonduotum,</span> 
     </span>
     <span class='ocr_line' id='line_1_25' title="bbox 361 3015 1486 3104; baseline 0.001 -21"><span class='ocrx_word' id='word_1_213' title='bbox 361 3019 398 3083; x_wconf 90' lang='lat' dir='ltr'>ut</span> <span class='ocrx_word' id='word_1_214' title='bbox 413 3017 552 3083; x_wconf 81' lang='lat' dir='ltr'>uehiculo</span> <span class='ocrx_word' id='word_1_215' title='bbox 568 3017 652 3101; x_wconf 79' lang='lat' dir='ltr'>ligne</span> <span class='ocrx_word' id='word_1_216' title='bbox 667 3015 811 3096; x_wconf 87' lang='lat' dir='ltr'>deferret,</span> <span class='ocrx_word' id='word_1_217' title='bbox 835 3019 895 3083; x_wconf 87' lang='lat' dir='ltr'>isse</span> <span class='ocrx_word' id='word_1_218' title='bbox 916 3019 955 3084; x_wconf 86' lang='lat' dir='ltr'>ed</span> <span class='ocrx_word' id='word_1_219' title='bbox 975 3019 1088 3084; x_wconf 81' lang='lat' dir='ltr'>siluam</span> <span class='ocrx_word' id='word_1_220' title='bbox 1108 3019 1259 3085; x_wconf 83' lang='lat' dir='ltr'>nuntiant.</span> <span class='ocrx_word' id='word_1_221' title='bbox 1283 3020 1369 3086; x_wconf 89' lang='lat' dir='ltr'>iubet</span> <span class='ocrx_word' id='word_1_222' title='bbox 1388 3020 1486 3104; x_wconf 82' lang='lat' dir='ltr'>igitur</span> 
     </span>
     <span class='ocr_line' id='line_1_26' title="bbox 334 3119 1521 3205; baseline 0.003 -23"><span class='ocrx_word' id='word_1_223' title='bbox 334 3121 480 3202; x_wconf 71' lang='lat' dir='ltr'>leliquos</span> <span class='ocrx_word' id='word_1_224' title='bbox 496 3120 539 3184; x_wconf 89' lang='lat' dir='ltr'>ire</span> <span class='ocrx_word' id='word_1_225' title='bbox 554 3119 583 3184; x_wconf 89' lang='lat' dir='ltr'>ei</span> <span class='ocrx_word' id='word_1_226' title='bbox 598 3120 735 3184; x_wconf 80' lang='lat' dir='ltr'>obuium:</span> <span class='ocrx_word' id='word_1_227' title='bbox 752 3121 796 3185; x_wconf 89' lang='lat' dir='ltr'>its</span> <span class='ocrx_word' id='word_1_228' title='bbox 809 3120 887 3186; x_wconf 89' lang='lat' dir='ltr'>heut</span> <span class='ocrx_word' id='word_1_229' title='bbox 901 3123 990 3205; x_wconf 86' lang='lat' dir='ltr'>longe</span> <span class='ocrx_word' id='word_1_230' title='bbox 1005 3142 1024 3186; x_wconf 88' lang='lat' dir='ltr'>e</span> <span class='ocrx_word' id='word_1_231' title='bbox 1037 3123 1221 3187; x_wconf 83' lang='lat' dir='ltr'>monasterio</span> <span class='ocrx_word' id='word_1_232' title='bbox 1236 3123 1298 3187; x_wconf 86' lang='lat' dir='ltr'>ism</span> <span class='ocrx_word' id='word_1_233' title='bbox 1310 3141 1404 3204; x_wconf 82' lang='lat' dir='ltr'>poene</span> <span class='ocrx_word' id='word_1_234' title='bbox 1414 3142 1486 3188; x_wconf 81' lang='lat' dir='ltr'>exe·</span> <span class='ocrx_word' id='word_1_235' title='bbox 1495 3146 1521 3186; x_wconf 77' lang='lat' dir='ltr'>ee</span> 
     </span>
     <span class='ocr_line' id='line_1_27' title="bbox 363 3222 1488 3306; baseline 0.002 -18"><span class='ocrx_word' id='word_1_236' title='bbox 363 3223 457 3288; x_wconf 88' lang='lat' dir='ltr'>nimis</span> <span class='ocrx_word' id='word_1_237' title='bbox 476 3222 640 3288; x_wconf 78' lang='lat' dir='ltr'>inuenitru.</span> <span class='ocrx_word' id='word_1_238' title='bbox 665 3225 836 3288; x_wconf 82' lang='lat' dir='ltr'>extromum</span> <span class='ocrx_word' id='word_1_239' title='bbox 856 3226 960 3290; x_wconf 77' lang='lat' dir='ltr'>tamen</span> <span class='ocrx_word' id='word_1_240' title='bbox 980 3224 1125 3306; x_wconf 87' lang='lat' dir='ltr'>spiritum</span> <span class='ocrx_word' id='word_1_241' title='bbox 1144 3225 1267 3290; x_wconf 73' lang='lat' dir='ltr'>trahens</span> <span class='ocrx_word' id='word_1_242' title='bbox 1288 3225 1404 3290; x_wconf 86' lang='lat' dir='ltr'>indioet</span> <span class='ocrx_word' id='word_1_243' title='bbox 1423 3224 1488 3290; x_wconf 83' lang='lat' dir='ltr'>fre-</span> 
     </span>
     <span class='ocr_line' id='line_1_28' title="bbox 363 3323 1488 3393; baseline 0.004 -5"><span class='ocrx_word' id='word_1_244' title='bbox 363 3323 463 3388; x_wconf 90' lang='lat' dir='ltr'>tribus</span> <span class='ocrx_word' id='word_1_245' title='bbox 479 3343 601 3390; x_wconf 81' lang='lat' dir='ltr'>seusam</span> <span class='ocrx_word' id='word_1_246' title='bbox 615 3325 723 3390; x_wconf 91' lang='lat' dir='ltr'>mortis</span> <span class='ocrx_word' id='word_1_247' title='bbox 739 3327 770 3391; x_wconf 93' lang='lat' dir='ltr'>et</span> <span class='ocrx_word' id='word_1_248' title='bbox 784 3327 936 3392; x_wconf 86' lang='lat' dir='ltr'>uulneris:</span> <span class='ocrx_word' id='word_1_249' title='bbox 958 3327 1072 3392; x_wconf 82' lang='lat' dir='ltr'>iunctis</span> <span class='ocrx_word' id='word_1_250' title='bbox 1087 3327 1203 3392; x_wconf 87' lang='lat' dir='ltr'>seilioet</span> <span class='ocrx_word' id='word_1_251' title='bbox 1218 3327 1318 3392; x_wconf 88' lang='lat' dir='ltr'>bubus</span> <span class='ocrx_word' id='word_1_252' title='bbox 1332 3329 1408 3392; x_wconf 86' lang='lat' dir='ltr'>dum</span> <span class='ocrx_word' id='word_1_253' title='bbox 1422 3327 1488 3393; x_wconf 89' lang='lat' dir='ltr'>dis·</span> 
     </span>
    </p>
   </div>
   <div class='ocr_carea' id='block_1_3' title="bbox 366 3597 1496 4356">
    <p class='ocr_par' dir='ltr' id='par_1_4' title="bbox 366 3597 1496 4356">
     <span class='ocr_line' id='line_1_29' title="bbox 417 3597 1492 3670; baseline -0.001 -15"><span class='ocrx_word' id='word_1_254' title='bbox 417 3597 593 3667; x_wconf 79' lang='lat' dir='ltr'>2prsndium</span> <span class='ocrx_word' id='word_1_255' title='bbox 617 3599 644 3653; x_wconf 91' lang='lat' dir='ltr'><strong><em>V</em></strong></span> <span class='ocrx_word' id='word_1_256' title='bbox 668 3601 680 3668; x_wconf 86' lang='grc' dir='ltr'>ΙΙ</span> <span class='ocrx_word' id='word_1_257' title='bbox 708 3615 784 3654; x_wconf 87' lang='lat' dir='ltr'>nemo</span> <span class='ocrx_word' id='word_1_258' title='bbox 807 3601 886 3669; x_wconf 83' lang='lat' dir='ltr'>spise.</span> <span class='ocrx_word' id='word_1_259' title='bbox 915 3600 951 3656; x_wconf 88' lang='lat' dir='ltr'>V:</span> <span class='ocrx_word' id='word_1_260' title='bbox 980 3601 1058 3669; x_wconf 79' lang='lat' dir='ltr'>episo</span> <span class='ocrx_word' id='word_1_261' title='bbox 1072 3617 1146 3655; x_wconf 91' lang='lat' dir='ltr'>nemo</span> <span class='ocrx_word' id='word_1_262' title='bbox 1159 3601 1231 3656; x_wconf 82' lang='lat' dir='ltr'>AFe·</span> <span class='ocrx_word' id='word_1_263' title='bbox 1293 3600 1450 3670; x_wconf 77' lang='lat' dir='ltr'>‹ipergerit</span> <span class='ocrx_word' id='word_1_264' title='bbox 1466 3601 1492 3654; x_wconf 87' lang='lat' dir='ltr'><em>V</em></span> 
     </span>
     <span class='ocr_line' id='line_1_30' title="bbox 418 3683 1490 3755; baseline -0.002 -11"><span class='ocrx_word' id='word_1_265' title='bbox 418 3683 560 3752; x_wconf 78' lang='lat' dir='ltr'>equidem</span> <span class='ocrx_word' id='word_1_266' title='bbox 572 3684 657 3754; x_wconf 90' lang='lat' dir='ltr'>primo</span> <span class='ocrx_word' id='word_1_267' title='bbox 673 3686 699 3739; x_wconf 89' lang='lat' dir='ltr'><em>V</em></span> <span class='ocrx_word' id='word_1_268' title='bbox 715 3688 727 3754; x_wconf 86' lang='grc' dir='ltr'>ΙΙ</span> <span class='ocrx_word' id='word_1_269' title='bbox 750 3685 882 3755; x_wconf 81' lang='lat' dir='ltr'>inpetuA</span> <span class='ocrx_word' id='word_1_270' title='bbox 942 3685 1103 3743; x_wconf 66' lang='lat' dir='ltr'>sueinus*</span> <span class='ocrx_word' id='word_1_271' title='bbox 1151 3685 1310 3743; x_wconf 83' lang='lat' dir='ltr'>9interfleit</span> <span class='ocrx_word' id='word_1_272' title='bbox 1326 3687 1353 3742; x_wconf 88' lang='lat' dir='ltr'><strong><em>V</em></strong></span> <span class='ocrx_word' id='word_1_273' title='bbox 1398 3687 1434 3744; x_wconf 92' lang='grc'>11</span> <span class='ocrx_word' id='word_1_274' title='bbox 1448 3687 1490 3742; x_wconf 88' lang='lat' dir='ltr'>in·</span> 
     </span>
     <span class='ocr_line' id='line_1_31' title="bbox 366 3770 1491 3842; baseline 0.004 -19"><span class='ocrx_word' id='word_1_275' title='bbox 366 3770 452 3824; x_wconf 89' lang='lat' dir='ltr'>uicem</span> <span class='ocrx_word' id='word_1_276' title='bbox 472 3770 541 3839; x_wconf 82' lang='lat' dir='ltr'>apud</span> <span class='ocrx_word' id='word_1_277' title='bbox 561 3787 620 3824; x_wconf 91' lang='lat' dir='ltr'>eum</span> <span class='ocrx_word' id='word_1_278' title='bbox 641 3771 712 3827; x_wconf 68' lang='lat' dir='ltr'>Are</span> <span class='ocrx_word' id='word_1_279' title='bbox 764 3772 800 3828; x_wconf 97' lang='grc'>12</span> <span class='ocrx_word' id='word_1_280' title='bbox 818 3773 859 3826; x_wconf 84' lang='lat' dir='ltr'>its</span> <span class='ocrx_word' id='word_1_281' title='bbox 883 3772 917 3826; x_wconf 88' lang='lat' dir='ltr'>V:</span> <span class='ocrx_word' id='word_1_282' title='bbox 935 3773 992 3824; x_wconf 82' lang='lat' dir='ltr'>tom</span> <span class='ocrx_word' id='word_1_283' title='bbox 1013 3771 1085 3826; x_wconf 79' lang='lat' dir='ltr'>AFv</span> <span class='ocrx_word' id='word_1_284' title='bbox 1145 3773 1181 3828; x_wconf 85' lang='lat'>13</span> <span class='ocrx_word' id='word_1_285' title='bbox 1199 3772 1333 3841; x_wconf 76' lang='lat' dir='ltr'>spiritalis</span> <span class='ocrx_word' id='word_1_286' title='bbox 1353 3773 1491 3842; x_wconf 71' lang='lat' dir='ltr'>nequitiae</span> 
     </span>
     <span class='ocr_line' id='line_1_32' title="bbox 367 3855 1495 3927; baseline 0.004 -18"><span class='ocrx_word' id='word_1_287' title='bbox 367 3855 432 3910; x_wconf 85' lang='grc' dir='ltr'>ΒΜ</span> <span class='ocrx_word' id='word_1_288' title='bbox 433 3855 469 3909; x_wconf 90' lang='lat' dir='ltr'>V:</span> <span class='ocrx_word' id='word_1_289' title='bbox 487 3856 673 3926; x_wconf 76' lang='lat' dir='ltr'>spiritalesque</span> <span class='ocrx_word' id='word_1_290' title='bbox 686 3857 903 3927; x_wconf 73' lang='lat' dir='ltr'>(spiritualesque</span> <span class='ocrx_word' id='word_1_291' title='bbox 914 3859 941 3926; x_wconf 85' lang='lat' dir='ltr'>o)</span> <span class='ocrx_word' id='word_1_292' title='bbox 952 3858 1087 3926; x_wconf 82' lang='lat' dir='ltr'>nequities</span> <span class='ocrx_word' id='word_1_293' title='bbox 1100 3858 1172 3912; x_wconf 82' lang='lat' dir='ltr'>AFo</span> <span class='ocrx_word' id='word_1_294' title='bbox 1241 3859 1278 3918; x_wconf 77' lang='lat'>15</span> <span class='ocrx_word' id='word_1_295' title='bbox 1296 3859 1423 3913; x_wconf 84' lang='lat' dir='ltr'>sonuitiis</span> <span class='ocrx_word' id='word_1_296' title='bbox 1435 3860 1495 3914; x_wconf 76' lang='lat' dir='ltr'>AF</span> 
     </span>
     <span class='ocr_line' id='line_1_33' title="bbox 378 3941 1495 4013; baseline 0.006 -19"><span class='ocrx_word' id='word_1_297' title='bbox 378 3943 391 4010; x_wconf 75' lang='lat' dir='ltr'>ll</span> <span class='ocrx_word' id='word_1_298' title='bbox 414 3941 497 4010; x_wconf 83' lang='lat' dir='ltr'>irequ.</span> <span class='ocrx_word' id='word_1_299' title='bbox 510 3942 640 4011; x_wconf 73' lang='lat' dir='ltr'>urguebat</span> <span class='ocrx_word' id='word_1_300' title='bbox 659 3944 729 3998; x_wconf 81' lang='lat' dir='ltr'>AV:</span> <span class='ocrx_word' id='word_1_301' title='bbox 748 3943 881 4013; x_wconf 75' lang='lat' dir='ltr'>urguebat</span> <span class='ocrx_word' id='word_1_302' title='bbox 900 3943 1024 4012; x_wconf 79' lang='lat' dir='ltr'>(urgebat</span> <span class='ocrx_word' id='word_1_303' title='bbox 1044 3945 1071 4013; x_wconf 87' lang='lat' dir='ltr'>o)</span> <span class='ocrx_word' id='word_1_304' title='bbox 1090 3943 1173 4011; x_wconf 82' lang='lat' dir='ltr'>frequ</span> <span class='ocrx_word' id='word_1_305' title='bbox 1195 3943 1240 3998; x_wconf 81' lang='lat' dir='ltr'>Fe</span> <span class='ocrx_word' id='word_1_306' title='bbox 1294 3945 1331 4001; x_wconf 79' lang='lat'>17</span> <span class='ocrx_word' id='word_1_307' title='bbox 1349 3961 1441 3999; x_wconf 86' lang='lat' dir='ltr'>ooruu·</span> <span class='ocrx_word' id='word_1_308' title='bbox 1467 3946 1495 4001; x_wconf 88' lang='lat' dir='ltr'><em>V</em></span> 
     </span>
     <span class='ocr_line' id='line_1_34' title="bbox 368 4025 1490 4096; baseline 0.005 -16"><span class='ocrx_word' id='word_1_309' title='bbox 368 4025 579 4096; x_wconf 81' lang='lat' dir='ltr'>(cornumeorr.)</span> <span class='ocrx_word' id='word_1_310' title='bbox 643 4026 681 4084; x_wconf 86' lang='grc'>18</span> <span class='ocrx_word' id='word_1_311' title='bbox 698 4028 838 4083; x_wconf 86' lang='lat' dir='ltr'>ostendens</span> <span class='ocrx_word' id='word_1_312' title='bbox 854 4029 889 4085; x_wconf 88' lang='lat' dir='ltr'>V:</span> <span class='ocrx_word' id='word_1_313' title='bbox 906 4031 1045 4084; x_wconf 82' lang='lat' dir='ltr'>ostentans</span> <span class='ocrx_word' id='word_1_314' title='bbox 1058 4030 1129 4088; x_wconf 75' lang='lat' dir='ltr'>eFe</span> <span class='ocrx_word' id='word_1_315' title='bbox 1195 4029 1231 4086; x_wconf 83' lang='lat'>19</span> <span class='ocrx_word' id='word_1_316' title='bbox 1249 4031 1490 4086; x_wconf 82' lang='lat' dir='ltr'>reoenterFeorr.</span> 
     </span>
     <span class='ocr_line' id='line_1_35' title="bbox 380 4110 1492 4184; baseline 0.005 -19"><span class='ocrx_word' id='word_1_317' title='bbox 380 4112 393 4178; x_wconf 78' lang='grc' dir='ltr'>ΙΙ</span> <span class='ocrx_word' id='word_1_318' title='bbox 415 4110 532 4180; x_wconf 74' lang='lat' dir='ltr'>gaudens</span> <span class='ocrx_word' id='word_1_319' title='bbox 548 4114 583 4168; x_wconf 89' lang='lat' dir='ltr'>V:</span> <span class='ocrx_word' id='word_1_320' title='bbox 602 4113 767 4182; x_wconf 82' lang='lat' dir='ltr'>oongeudene</span> <span class='ocrx_word' id='word_1_321' title='bbox 779 4114 852 4168; x_wconf 81' lang='lat' dir='ltr'>AFe</span> <span class='ocrx_word' id='word_1_322' title='bbox 870 4118 883 4183; x_wconf 74' lang='grc'>11</span> <span class='ocrx_word' id='word_1_323' title='bbox 902 4114 996 4184; x_wconf 91' lang='lat' dir='ltr'>inquid</span> <span class='ocrx_word' id='word_1_324' title='bbox 1011 4115 1048 4184; x_wconf 91' lang='lat' dir='ltr'>V,</span> <span class='ocrx_word' id='word_1_325' title='bbox 1059 4117 1124 4170; x_wconf 71' lang='lat' dir='ltr'>dem</span> <span class='ocrx_word' id='word_1_326' title='bbox 1135 4131 1216 4183; x_wconf 80' lang='lat' dir='ltr'>saepe</span> <span class='ocrx_word' id='word_1_327' title='bbox 1226 4116 1299 4171; x_wconf 71' lang='lat' dir='ltr'>asem</span> <span class='ocrx_word' id='word_1_328' title='bbox 1349 4116 1389 4174; x_wconf 90' lang='grc'>20</span> <span class='ocrx_word' id='word_1_329' title='bbox 1406 4117 1492 4172; x_wconf 87' lang='lat' dir='ltr'>inter·</span> 
     </span>
     <span class='ocr_line' id='line_1_36' title="bbox 370 4195 1494 4272; baseline 0.007 -23"><span class='ocrx_word' id='word_1_330' title='bbox 370 4195 455 4251; x_wconf 87' lang='lat' dir='ltr'>floiV</span> <span class='ocrx_word' id='word_1_331' title='bbox 504 4197 541 4254; x_wconf 83' lang='lat'>21</span> <span class='ocrx_word' id='word_1_332' title='bbox 560 4197 787 4267; x_wconf 76' lang='lat' dir='ltr'>sollicitosqueM</span> <span class='ocrx_word' id='word_1_333' title='bbox 806 4201 818 4267; x_wconf 87' lang='grc' dir='ltr'>ΙΙ</span> <span class='ocrx_word' id='word_1_334' title='bbox 840 4200 880 4254; x_wconf 91' lang='lat' dir='ltr'>ire</span> <span class='ocrx_word' id='word_1_335' title='bbox 897 4201 931 4255; x_wconf 83' lang='lat' dir='ltr'>de</span> <span class='ocrx_word' id='word_1_336' title='bbox 947 4201 1049 4255; x_wconf 79' lang='lat' dir='ltr'>Proto:</span> <span class='ocrx_word' id='word_1_337' title='bbox 1069 4217 1126 4256; x_wconf 88' lang='lat' dir='ltr'>esse</span> <span class='ocrx_word' id='word_1_338' title='bbox 1146 4201 1210 4256; x_wconf 68' lang='lat' dir='ltr'>ebes</span> <span class='ocrx_word' id='word_1_339' title='bbox 1231 4202 1244 4268; x_wconf 81' lang='lat' dir='ltr'>ll</span> <span class='ocrx_word' id='word_1_340' title='bbox 1265 4202 1401 4272; x_wconf 75' lang='lat' dir='ltr'>proecepit</span> <span class='ocrx_word' id='word_1_341' title='bbox 1417 4203 1494 4258; x_wconf 63' lang='lat' dir='ltr'>AF„</span> 
     </span>
     <span class='ocr_line' id='line_1_37' title="bbox 422 4281 1496 4356; baseline 0.006 -18"><span class='ocrx_word' id='word_1_342' title='bbox 422 4281 460 4338; x_wconf 92' lang='grc'>22</span> <span class='ocrx_word' id='word_1_343' title='bbox 478 4282 574 4337; x_wconf 85' lang='lat' dir='ltr'>fuisset</span> <span class='ocrx_word' id='word_1_344' title='bbox 586 4283 703 4338; x_wconf 76' lang='lat' dir='ltr'>adiectus</span> <span class='ocrx_word' id='word_1_345' title='bbox 714 4284 787 4340; x_wconf 76' lang='lat' dir='ltr'>AFv</span> <span class='ocrx_word' id='word_1_346' title='bbox 838 4285 877 4344; x_wconf 82' lang='grc'>25</span> <span class='ocrx_word' id='word_1_347' title='bbox 894 4285 934 4339; x_wconf 84' lang='lat' dir='ltr'>ite</span> <span class='ocrx_word' id='word_1_348' title='bbox 945 4287 1131 4356; x_wconf 74' lang='lat' dir='ltr'><em>ABFMQV:</em></span> <span class='ocrx_word' id='word_1_349' title='bbox 1145 4287 1236 4355; x_wconf 78' lang='lat' dir='ltr'>iisque</span> <span class='ocrx_word' id='word_1_350' title='bbox 1247 4303 1264 4340; x_wconf 82' lang='lat' dir='ltr'><strong><em>v</em></strong></span> <span class='ocrx_word' id='word_1_351' title='bbox 1283 4288 1295 4354; x_wconf 88' lang='grc' dir='ltr'>ΙΙ</span> <span class='ocrx_word' id='word_1_352' title='bbox 1315 4287 1391 4356; x_wconf 81' lang='lat' dir='ltr'>bont]</span> <span class='ocrx_word' id='word_1_353' title='bbox 1404 4291 1453 4342; x_wconf 87' lang='lat' dir='ltr'>snt</span> <span class='ocrx_word' id='word_1_354' title='bbox 1470 4289 1496 4344; x_wconf 91' lang='lat' dir='ltr'><em>V</em></span> 
     </span>
    </p>
   </div>
   <div class='ocr_carea' id='block_1_4' title="bbox 371 4367 1491 4524">
    <p class='ocr_par' dir='ltr' id='par_1_5' title="bbox 371 4367 1491 4524">
     <span class='ocr_line' id='line_1_38' title="bbox 371 4367 1491 4442; baseline 0.006 -20"><span class='ocrx_word' id='word_1_355' title='bbox 371 4367 621 4436; x_wconf 61' lang='lat' dir='ltr'>amesaepealios</span> <span class='ocrx_word' id='word_1_356' title='bbox 689 4369 727 4426; x_wconf 89' lang='grc'>27</span> <span class='ocrx_word' id='word_1_357' title='bbox 745 4385 851 4425; x_wconf 80' lang='lat' dir='ltr'>esussm</span> <span class='ocrx_word' id='word_1_358' title='bbox 875 4371 900 4425; x_wconf 92' lang='lat' dir='ltr'><em>V</em></span> <span class='ocrx_word' id='word_1_359' title='bbox 918 4377 945 4426; x_wconf 82' lang='lat' dir='ltr'>et</span> <span class='ocrx_word' id='word_1_360' title='bbox 964 4371 1020 4426; x_wconf 77' lang='lat' dir='ltr'>eod,</span> <span class='ocrx_word' id='word_1_361' title='bbox 1043 4369 1150 4426; x_wconf 81' lang='lat' dir='ltr'>Jureti:</span> <span class='ocrx_word' id='word_1_362' title='bbox 1172 4387 1261 4426; x_wconf 86' lang='lat' dir='ltr'>essnm</span> <span class='ocrx_word' id='word_1_363' title='bbox 1282 4372 1340 4428; x_wconf 81' lang='lat' dir='ltr'>rell.</span> <span class='ocrx_word' id='word_1_364' title='bbox 1362 4379 1388 4426; x_wconf 79' lang='lat' dir='ltr'>et</span> <span class='ocrx_word' id='word_1_365' title='bbox 1408 4389 1441 4440; x_wconf 79' lang='lat' dir='ltr'>e,-</span> <span class='ocrx_word' id='word_1_366' title='bbox 1455 4377 1491 4442; x_wconf 77' lang='lat' dir='ltr'>cf.</span> 
     </span>
     <span class='ocr_line' id='line_1_39' title="bbox 372 4452 990 4524; baseline 0.008 -17"><span class='ocrx_word' id='word_1_367' title='bbox 372 4452 529 4507; x_wconf 60' lang='lat' dir='ltr'>Passieno.-</span> <span class='ocrx_word' id='word_1_368' title='bbox 548 4453 671 4507; x_wconf 86' lang='lat' dir='ltr'>Vulneris</span> <span class='ocrx_word' id='word_1_369' title='bbox 684 4471 813 4524; x_wconf 84' lang='lat' dir='ltr'>exponens</span> <span class='ocrx_word' id='word_1_370' title='bbox 825 4472 931 4510; x_wconf 82' lang='lat' dir='ltr'>csussm</span> <span class='ocrx_word' id='word_1_371' title='bbox 944 4464 990 4512; x_wconf 79' lang='lat' dir='ltr'>etc.</span> 
     </span>
    </p>
   </div>
   <div class='ocr_carea' id='block_1_5' title="bbox 0 0 1690 5142">
    <p class='ocr_par' dir='ltr' id='par_1_6' title="bbox 0 0 1690 5142">
     <span class='ocr_line' id='line_1_40' title="bbox 0 0 1690 5142; baseline 0 0"><span class='ocrx_word' id='word_1_372' title='bbox 0 0 1690 5142; x_wconf 95' lang='lat' dir='ltr'> </span> 
     </span>
    </p>
   </div>
  </div>
 </body>
</html>
