3300 5142
585 547 748 618 Dialogus
766 547 788 616 l,
809 545 928 604 10-12.
1260 547 1321 612 163

195 705 336 770 membra
349 703 478 782 ieiunio,
495 703 547 768 sed
562 703 688 768 deficere
701 721 787 768 mens
803 704 887 768 caelo
901 703 1018 768 intenta
1032 720 1092 766 non
1106 702 1241 785 poterat:
1257 718 1324 764 cor·

195 825 253 890 pus
268 807 371 872 inedia
386 805 563 884 fatiscebat,
581 806 655 871 fides
668 805 758 871 firma
772 806 1027 870 durabat-cum
1039 805 1164 870 interim
1184 804 1352 869 admoui-a

197 911 248 974 tus
274 909 368 974 abbas
393 909 447 973 ille
471 927 525 992 per
550 908 695 992 spiritum
716 909 752 973 ut
771 908 957 990 discipulum
971 908 1126 985 uisitaret,
1141 907 1194 991 pia
1208 906 1324 971 sollici·

197 1011 304 1076 tudine
319 1029 496 1096 cognoscere
511 1012 650 1094 cupiens,
674 1031 735 1094 qua
749 1011 834 1076 uitae
855 1011 1030 1076 substantia
1055 1010 1154 1075 fidelis
1180 1009 1322 1087 aleretur,

155 1137 174 1177 a
197 1116 250 1198 qui
265 1113 437 1180 ministrari
452 1113 512 1178 sibi
533 1132 645 1196 panem
660 1113 698 1180 ab
718 1113 843 1179 homine
862 1114 1025 1192 noluisset,
1048 1112 1088 1178 ad
1108 1112 1323 1196 requirendum

197 1216 347 1299 cumipse
367 1215 577 1300 proficiscitur.
601 1215 654 1280 ille
680 1215 733 1280 ubi
760 1217 879 1282 eminus
906 1235 1009 1281 senem
1029 1216 1133 1280 uenire
1158 1214 1352 1297 conspexitd

197 1320 344 1397 occurrit,
368 1321 434 1404 agit
449 1320 582 1403 gratias,
606 1319 691 1384 ducit
717 1319 754 1385 ad
782 1319 934 1384 cellulam.
958 1337 1029 1384 curn
1053 1318 1182 1402 ingressi
1208 1317 1323 1399 pariter

197 1421 515 1504 ambo,.oonspiciu11t
540 1421 717 1504 palmiciam
744 1423 895 1505 sportam
930 1421 1029 1487 calido
1043 1439 1121 1503 pane
1135 1421 1321 1503 congestam,

198 1523 315 1589 foribus
342 1524 474 1590 adfixam
501 1527 572 1589 ante
597 1527 717 1607 postem
733 1525 872 1608 pendere.
896 1542 932 1588 ao
956 1524 1092 1605 primum
1117 1523 1210 1588 calidi
1234 1522 1349 1604 panise
1379 1515 1383 1520 ’

158 1651 188 1691 ro
197 1627 270 1691 odor
284 1627 432 1704 sentitur,
455 1627 541 1692 tactu
556 1645 629 1692 uero
644 1645 679 1692 ao
694 1627 720 1691 si
735 1629 806 1692 ante
820 1627 980 1709 paululum
1000 1627 1076 1690 focis
1096 1627 1176 1691 esset
1189 1627 1321 1707 areptus,

196 1729 384 1794 ostenditur:
400 1728 548 1813 Aegyptii
559 1730 761 1811 tamenpanis
773 1729 941 1794 formanon
952 1729 1094 1794 comitur.
1117 1727 1350 1810 obstupefactio

196 1831 286 1896 ambo
300 1849 412 1896 munus
428 1831 557 1896 caeleste
571 1834 765 1916 cognoscunt.
790 1851 862 1898 oum
882 1831 936 1897 ille
956 1832 1013 1897 hoo
1033 1831 1155 1896 abbatis
1175 1829 1321 1896 aduentui

195 1933 380 2016 praest'tum
394 1932 559 2013 fateretur,
584 1933 678 1999 abbas
693 1952 765 1999 uero
779 1933 865 1999 illius
885 1934 957 1999 fidei
977 1953 1013 2000 ac
1032 1934 1145 1999 uirtuti
1165 1933 1199 1998 id
1218 1933 1321 2016 potius

196 2035 396 2102 adscriberet:
419 2035 465 2101 ita
486 2036 576 2101 ambo
598 2036 759 2101 caelestem
779 2054 889 2119 panem
914 2057 984 2102 cum
1008 2037 1111 2102 multa
1135 2036 1321 2101 exultatione

158 2163 185 2204 rs
195 2138 361 2222 fregerunt.
386 2138 466 2220 quod
482 2157 552 2203 cum
567 2155 655 2203 senex
681 2139 720 2203 ad
740 2140 958 2204 monasterium
983 2140 1053 2222 post
1076 2155 1231 2222 regressus
1256 2136 1347 2212 fra-r

195 2240 295 2305 tribus
315 2240 501 2319 rettulisset,
523 2242 630 2306 tantus
649 2258 753 2305 omnes
776 2241 940 2307 incesserat
960 2242 1050 2306 ardor
1074 2241 1261 2319 animorum,
1284 2239 1321 2304 ut

195 2341 339 2408 certatim
353 2343 392 2408 ad
407 2361 544 2408 aramum
560 2345 591 2408 et
605 2361 705 2408 sacras
720 2343 901 2409 solitudines
912 2345 957 2410 ire
968 2346 1177 2428 prepararent,
1192 2343 1320 2408 miseros

194 2444 388 2524 salutantes,
411 2445 438 2509 si
464 2445 517 2528 qui
544 2445 662 2511 diutius
683 2447 715 2512 in
736 2447 970 2531 congregatione
983 2448 1169 2524 multorum,
1192 2444 1246 2510 ubi
1260 2445 1319 2511 hu·

193 2567 286 2614 mana
300 2549 380 2613 esset
394 2547 539 2631 patienda
554 2551 759 2630 conuersatio,
782 2550 973 2616 resedissent.

155 2675 185 2716 ao
236 2651 272 2714 In
287 2651 345 2715 hoc
358 2650 544 2716 monasterio
559 2651 635 2716 duos
655 2671 711 2737 ego
732 2672 819 2718 senes
839 2653 921 2733 uidi,
944 2654 998 2736 qui
1022 2652 1085 2719 mm
1110 2672 1164 2736 per
1187 2651 1318 2736 quadra·
1331 2655 1369 2719 lt

193 2753 282 2837 ginta
296 2771 389 2818 annos
404 2753 449 2817 ibi
464 2755 588 2839 degere,
610 2755 657 2820 ita
677 2759 713 2820 ut
732 2775 902 2838 numquam
922 2756 993 2822 inda
1007 2757 1216 2835 discesserint,
1239 2755 1318 2821 fere·

193 2856 316 2920 bantur.
340 2873 471 2939 quorum
495 2859 712 2939 praetereunda
736 2859 814 2924 mihi
836 2859 1163 2926 commemorationem
1183 2858 1316 2937 uidetur,

192 2957 346 3042 siquidem
372 2958 405 3023 id
430 2960 468 3023 de
493 2977 599 3026 eorum
620 2961 790 3026 uirtutibus
815 2963 848 3026 et
870 2962 994 3027 abbatis
1018 2963 1115 3045 ipsius
1140 2962 1317 3027 testimonio

192 3061 223 3125 ot
249 3060 387 3127 omnium
417 3061 551 3128 fratrum
582 3064 732 3129 audierim
757 3083 900 3150 sermone·
921 3065 1081 3144 celebrari,
1115 3065 1196 3148 quod
1220 3083 1317 3129 unum

152 3187 183 3229 aa
193 3181 298 3230 eorum
320 3165 366 3228 sol
386 3185 554 3248 numquam
569 3166 699 3232 uidisset
713 3167 904 3249 epulantem,
938 3168 1070 3233 alterum
1083 3187 1253 3250 numquam
1266 3165 1316 3231 ui-

192 3266 288 3331 disset
302 3266 425 3332 iratum.
452 3267 503 3332 Ad
514 3268 589 3333 haec
598 3269 707 3334 Gallus
722 3289 771 3335 me
786 3270 925 3335 intuens:
941 3288 958 3334 o
972 3270 998 3334 si
1015 3272 1117 3336 uester
1130 3269 1236 3334 ille-
1246 3269 1343 3335 noloa

192 3386 301 3434 nomen
329 3369 573 3436 dicere-nunc
598 3373 733 3452 adesset,
756 3373 869 3439 uallem
896 3373 1063 3439 admodum
1087 3373 1172 3438 istud
1197 3373 1317 3438 audiat

192 3471 381 3554 exemplum,
405 3491 495 3555 quern
517 3474 550 3538 in
574 3475 743 3541 multorum
769 3493 860 3560 saepe
884 3476 1018 3558 personis
1043 3475 1175 3542 nimium
1200 3478 1315 3559 experti

188 3591 298 3638 sumus
313 3574 508 3640 uehementer
521 3576 628 3642 irasci:
644 3578 697 3643 sed
705 3579 826 3658 tamem
843 3579 915 3661 quia
924 3579 1059 3644 inimicis
1072 3581 1150 3661 suis,
1166 3585 1316 3664 quantum

243 3829 261 3884 2
280 3829 361 3884 abbas
373 3829 420 3884 illo
433 3831 585 3886 admonitus
598 3833 628 3887 F
676 3833 695 3890 4
713 3825 908 3904 fidelisJVsuir
920 3835 1007 3890 fidelis
1018 3837 1091 3893 AFo
1152 3837 1170 3894 6
1188 3839 1217 3890 at
1228 3837 1276 3891 illo
1288 3837 1316 3891 B

242 3913 260 3970 8
278 3915 430 3984 palmitiam
454 3920 481 3972 A
503 3920 515 3986 11
539 3919 623 3972 calido
644 3936 711 3988 pano
733 3924 886 3992 congestam
907 3939 955 3976 om.
969 3923 1052 3994 ΑΓΘ
1071 3930 1097 3980 ct
1117 3933 1134 3982 1
1155 3923 1211 3980 cod.
1230 3923 1310 3980 Gisel.

243 4001 260 4056 9
279 4005 341 4054 ante
353 4005 427 4070 poste
440 4005 503 4072 (aio)
521 4005 556 4072 V,
579 4005 611 4058 da
623 4009 698 4074 posto
710 4007 782 4061 AFo
805 4011 817 4076 ΙΙ
840 4009 954 4077 primam
967 4011 994 4064 A
1015 4011 1028 4078 ΙΙ
1051 4011 1135 4066 oaledi
1147 4012 1224 4082 panis
1235 4012 1313 4067 odora

186 4085 305 4152 (odorem
318 4089 399 4158 corr.)
414 4089 447 4152 V,
461 4091 538 4158 panis
551 4091 652 4145 calidus
665 4092 781 4146 sentitur
794 4093 871 4148 odore
881 4095 1049 4166 Roaweydus
1112 4099 1147 4155 11
1167 4097 1275 4168 aegypti
1290 4097 1316 4153 V

242 4173 278 4232 15
296 4189 445 4242 regressum
458 4176 498 4230 ed.
517 4177 619 4231 Vorstic'
676 4177 713 4234 16
731 4195 820 4233 ornnes
833 4180 977 4236 incesserat
998 4199 1020 4236 a.
1043 4183 1190 4237 animorum
1210 4185 1268 4238 ΒΜ
1275 4185 1310 4239 V:

187 4257 305 4312 omnium
317 4258 470 4314 incenderat
482 4262 559 4316 ardor
571 4263 673 4316 animos
685 4263 783 4331 AFo,¹
821 4267 1167 4323 recommissum.
1231 4268 1268 4327 18
1287 4270 1311 4322 si

187 4342 235 4410 qui
248 4343 286 4398 B:
305 4345 328 4397 si
341 4343 405 4415 quid
421 4347 456 4410 V,
476 4348 522 4416 qui
534 4349 617 4414 AFo,
636 4351 767 4419 siquidem
780 4355 848 4408 coci.
862 4353 897 4407 oie
909 4353 996 4407 Proto
1059 4353 1098 4411 20
1115 4355 1312 4425 quinquaginta

192 4427 228 4495 V,
248 4435 277 4483 ot
298 4447 323 4484 o.
347 4431 381 4485 de
402 4433 491 4487 Proto
548 4435 586 4493 25
604 4436 716 4490 uidisset
735 4438 836 4492 iratum
856 4455 1027 4509 numquamo
1079 4440 1117 4500 27
1135 4440 1221 4496 dicero
1242 4441 1309 4498 BV:

187 4513 290 4568 edicere
304 4517 375 4572 AFo
398 4521 409 4586 11
429 4519 510 4573 uelim
524 4521 581 4574 AF
600 4525 611 4590 ΙΙ
634 4519 725 4578 audire
737 4523 767 4578 F
816 4523 854 4581 28
873 4525 961 4594 quern]
974 4525 1042 4593 quod
1054 4525 1085 4579 F

1039 4613 1103 4678 11*
