3300 5142
606 515 766 573 Octauius
784 531 805 569 c.
826 515 946 572 30-32.
1288 517 1332 582 45

206 673 325 752 seritis,
355 673 431 738 dum
450 673 547 738 etiam
578 672 662 738 domi
682 674 772 736 natos
786 671 904 736 alienae
918 670 1145 737 misericordiae
1159 671 1333 762 frequenter

205 776 372 860 exponitis,
398 795 520 842 necesse
540 776 587 840 est
606 775 639 839 in
653 780 770 839 uestros
785 793 948 854 recurrere,
972 775 1004 839 in
1019 774 1099 839 lilios
1114 775 1257 841 inerrare.
1288 775 1333 840 sie

205 881 316 946 incesti
331 880 470 945 fabulam
484 879 617 958 nectitis,
640 879 733 944 etiam
750 896 821 943 cnm
837 879 1053 945 conscientiam
1068 897 1128 943 non
1142 878 1271 944 habetis.
1300 879 1364 946 att>

204 1002 260 1050 nos
274 985 421 1066 pudorem
432 1001 493 1048 non
507 983 601 1060 facie,
623 982 677 1047 sed
689 983 791 1047 mente
805 983 1012 1064 praestamus:
1036 983 1127 1047 unius
1142 982 1334 1047 matrimonii

183 1087 329 1153 euinculo
349 1086 481 1152 libenter
495 1086 718 1168 {inhaeremus
742 1085 945 1168 cupiditatem
965 1085 1142 1168 procreandi
1165 1087 1219 1150 aut
1240 1105 1334 1151 unam

205 1191 321 1258 scimus
344 1191 400 1256 aut
424 1190 560 1270 nullam,
590 1191 732 1255 conuiuia
745 1209 806 1255 non
820 1190 945 1254 tantum
959 1190 1073 1273 pudica
1090 1188 1219 1254 colimus
1234 1188 1287 1254 sed
1304 1190 1335 1254 et

205 1294 322 1360 sobria:
337 1313 393 1358 nec
408 1293 490 1358 enirn
496 1293 694 1378 indulgemus
708 1292 808 1377 epulis
823 1295 878 1357 aut
893 1293 1070 1358 conuiuium
1085 1310 1169 1358 mero
1182 1292 1334 1370 ducimus,

205 1396 259 1462 sed
279 1397 435 1481 grauitate
455 1397 647 1462 hilaritatem
669 1397 892 1478 temperamus:
923 1399 1007 1461 casto
1033 1414 1186 1476 sermone,
1211 1413 1335 1479 corpore

206 1500 336 1566 castiore
349 1499 487 1583 plerique
501 1501 646 1566 inuiolati
661 1500 796 1583 corporis
816 1500 1002 1584 uirginitate
1023 1501 1171 1581 perpetua
1190 1499 1336 1566 fruuntur

170 1605 308 1687 nopotius
319 1623 413 1687 quam
428 1604 615 1689 gloriantur:
640 1604 764 1669 tantum
779 1603 910 1686 denique
925 1603 1012 1668 abest
1026 1603 1136 1668 incesti
1152 1603 1278 1684 cupide,
1300 1604 1336 1668 ut

204 1707 362 1772 nonnullis
376 1707 481 1772 rubori
495 1707 539 1772 sit
553 1707 649 1772 etiam
659 1706 773 1789 pudica
787 1706 967 1772 coniunctio.
983 1724 1038 1770 neo
1053 1706 1091 1771 de
1097 1705 1211 1771 ultima
1226 1706 1336 1770 statim
1348 1718 1367 1772 6

205 1809 292 1892 plebe
306 1810 520 1888 consistimus,
543 1810 571 1874 si
581 1810 709 1876 honores
733 1811 852 1875 uestros
868 1811 899 1874 et
913 1827 1063 1893 purpuras
1079 1826 1265 1886 recusamus,
1280 1827 1337 1874 nec

204 1912 329 1978 factiosi
343 1931 459 1991 sumus,
476 1913 504 1978 si
518 1930 623 1978 omnes
639 1932 735 1978 unum
749 1913 865 1977 bonum
880 1913 1017 1995 sapimus
1035 1913 1142 1978 mdem
1157 1911 1336 1997 congregati

206 2017 307 2097 quiete
328 2035 389 2098 qua
404 2016 535 2101 singuli,
555 2016 657 2080 necin
672 2017 794 2101 angufls
809 2017 942 2101 garruli,
965 2017 992 2081 si
1012 2017 1118 2082 audire
1138 2033 1193 2081 nos
1214 2015 1337 2098 publice

170 2141 196 2182 u
205 2120 260 2184 aut
272 2117 451 2184 erubescitis
463 2120 518 2184 aut
527 2119 656 2184 timetis.
673 2121 705 2185 et
716 2121 797 2203 quod
808 2120 913 2185 indies
924 2120 1022 2185 nostri
1033 2139 1180 2186 numerus
1194 2121 1365 2203 augetur,r

205 2238 265 2287 non
287 2221 334 2286 ost
350 2222 465 2286 crimen
482 2222 606 2301 erroris,
630 2222 684 2288 sed
704 2223 918 2288 testimonium
938 2223 1056 2300 laudis3
1086 2241 1159 2288 nam
1181 2224 1214 2288 in
1230 2224 1337 2304 pulcro

205 2342 315 2410 genere
329 2325 454 2390 uiuendi
470 2326 501 2391 et
514 2327 634 2409 perstat
648 2327 680 2392 et
698 2328 875 2408 perseuerat
890 2345 965 2391 suus
983 2328 1014 2390 et
1033 2327 1184 2392 adcrescit
1204 2326 1331 2392 alienus.

205 2428 251 2494 sie
264 2445 319 2494 nos
339 2427 469 2511 denique
483 2447 543 2493 non
557 2429 699 2495 notaculo
715 2430 863 2512 corporis,
884 2432 920 2494 ut
934 2430 1062 2512 putatis,
1079 2429 1131 2494 sed
1146 2429 1366 2496 nnooentiaes

206 2531 420 2597 acmodestiae
431 2531 520 2617 signo
534 2531 626 2599 facile
637 2533 840 2600 dinoscimus:
858 2534 903 2600 sic
915 2552 972 2598 eos
985 2541 1103 2613 mutuo,
1120 2533 1200 2616 quod
1213 2533 1335 2613 doletis,

171 2653 310 2701 roamore
332 2635 510 2720 diligimus,
540 2642 685 2719 quoniam
705 2637 805 2702 odisse
824 2656 886 2703 non
906 2638 1071 2702 nouimus:
1100 2637 1229 2715 stenes,
1256 2636 1337 2718 quod

213 2737 376 2816 inuidetis,
400 2737 512 2804 fratres
526 2756 688 2818 uocamus,
710 2742 747 2804 ut
766 2741 857 2806 unius
878 2742 936 2806 Dei
962 2741 1097 2824 parentis
1117 2741 1275 2817 hommes,
1302 2739 1339 2804 ut

214 2842 369 2908 consortes
380 2841 460 2919 fidei,
472 2843 509 2907 ut
519 2843 585 2925 spei
593 2842 761 2908 coheredes.
778 2861 835 2909 uos
846 2844 929 2909 enim
939 2863 995 2908 nec
1005 2845 1139 2909 inuicem
1150 2843 1339 2928 adgnoscitis

207 2945 239 3010 et
252 2945 286 3010 in
299 2946 410 3010 mutua
424 2945 494 3010 odia
508 2946 646 3027 saeuitia,
662 2964 719 3010 nec
732 2944 844 3012 fratres
855 2964 910 3012 uos
921 2947 983 3011 nisi
998 2966 1070 3013 sane
1085 2947 1125 3012 ad
1136 2947 1338 3031 parricidium

207 3047 433 3133 recognoscitis.

173 3177 199 3218 ar
251 3152 373 3216 Putatis
394 3153 499 3218 autem
512 3171 568 3218 nos
588 3153 741 3218 occultare
761 3152 842 3235 quod
862 3152 1002 3233 colimus,
1023 3154 1050 3218 si
1072 3153 1200 3218 delubra
1222 3154 1254 3217 et
1269 3153 1390 3220 arastz

208 3273 268 3319 non
283 3255 454 3320 habemus?
468 3255 549 3338 quod
565 3256 647 3321 enim
663 3255 865 3322 simulacrum
881 3257 945 3321 Dee
960 3255 1093 3340 fingam,
1110 3275 1191 3336 oum,
1214 3257 1338 3322 sirecte

209 3357 380 3456 existimes,
410 3358 452 3423 sit
474 3358 532 3423 Dei
562 3359 653 3423 homo
675 3359 742 3442 ipse
771 3359 995 3424 simulacrum?
1024 3359 1175 3442 templum
1197 3360 1278 3442 quod
1310 3359 1338 3425 ei

208 3463 358 3539 extruam,
374 3479 445 3525 cum
460 3462 544 3526 totns
559 3463 610 3526 hic
623 3462 758 3527 mundus
773 3463 840 3527 eius
855 3480 944 3544 opere
959 3462 1129 3528 fabricatus
1145 3483 1215 3529 eum
1230 3481 1338 3546 capere

208 3580 268 3628 non
282 3563 399 3646 possit?
428 3566 545 3630 etcum
565 3563 656 3630 homo
675 3565 771 3631 latius
786 3583 938 3646 maneam,
958 3566 1040 3631 intra
1056 3586 1148 3631 unam
1164 3567 1338 3632 aediculam

202 3787 206 3792 .
260 3718 277 3770 2
294 3715 428 3772 insumere
438 3718 575 3772 Pricaeus
591 3718 725 3787 adAptd.
743 3718 856 3773 Metam.
874 3719 940 3787 VII,
961 3735 989 3788 p.
1003 3721 1058 3774 379
1081 3721 1093 3788 ΙΙ
1116 3718 1234 3772 infilius
1255 3719 1338 3773 Peri-

208 3803 305 3859 zonius
365 3804 384 3861 3
401 3803 512 3858 fibulam
529 3804 668 3859 Woroerae
679 3810 707 3859 ct
721 3805 814 3859 Veraci
824 3805 858 3859 L.
872 3805 906 3859 L.
920 3807 972 3873 59,·
990 3805 1025 3872 cf.
1039 3805 1137 3859 chm.
1155 3805 1237 3869 VIII,
1250 3807 1305 3858 125

209 3890 228 3948 5
245 3889 422 3960 cupiditatem
432 3890 590 3945 Hereldua:
603 3889 752 3960 cupiditate
764 3891 807 3944 Pr
859 3890 877 3946 7
896 3890 999 3960 aepulis
1021 3891 1048 3944 P
1101 3890 1135 3948 13
1157 3890 1264 3944 factiosi
1279 3890 1338 3944 Hc-

208 3977 320 4032 reldua:
332 3976 466 4031 fastidiosi
478 3978 521 4031 Pr
536 3978 550 4045 ΙΙ
564 3976 663 4031 bonnm
673 3977 776 4032 deleuit
791 3975 925 4044 Vrsinus,¹
939 3977 974 4043 cf.
988 3977 1076 4031 Pauli
1088 3991 1127 4045 cp.
1140 3975 1179 4030 ud
1191 3977 1264 4030 Pleil.
1278 3979 1305 4041 2,
1319 3979 1341 4030 2

210 4069 236 4117 et
247 4064 285 4118 od
296 4064 372 4120 Rern.
386 4068 456 4133 15,5
504 4064 807 4123 15n0soer1seenane
870 4062 907 4120 17
925 4066 1029 4134 perstat
1047 4063 1190 4118 Gelenius:
1217 4065 1340 4132 praestat

210 4150 252 4203 Pr
271 4152 283 4218 ΙΙ
303 4152 331 4205 et
341 4153 496 4220 perseuerat
513 4151 681 4205 Hermanno
692 4151 823 4220 plocecnau
835 4149 985 4204 uidebatur
1039 4149 1076 4206 18
1094 4165 1146 4204 uon
1157 4152 1222 4204 nota
1233 4149 1338 4204 occulta

213 4235 331 4291 Vraa'mea
384 4237 421 4294 19
432 4253 480 4290 nos
491 4237 592 4292 addidi
643 4236 684 4294 20
694 4252 782 4290 amere
793 4236 896 4292 deleuit
907 4237 1060 4290 Hecataeo
1106 4236 1143 4292 21
1157 4235 1201 4290 dei
1211 4236 1339 4303 spumas

210 4336 265 4375 ease
272 4323 391 4389 mutat
402 4315 565 4378 Hetruscaa'
575 4327 587 4392 ΙΙ
607 4323 737 4392 homines]
749 4338 840 4377 omnes
857 4323 992 4377 &danus
1038 4314 1076 4378 2'2
1089 4321 1236 4391 agnoscitis
1248 4321 1304 4374 P²r

210 4407 249 4464 29
269 4407 355 4462 laxius
379 4408 513 4477 Verium,-
540 4416 609 4464 atu.
627 4409 708 4480 ΟΨ.
727 4410 743 4463 l.
758 4427 779 4463 e.
799 4414 825 4476 5,
839 4413 871 4462 6:
899 4411 999 4462 etcum
1020 4407 1097 4474 horno
1119 4407 1202 4461 latius
1222 4408 1339 4470 maneat,

210 4493 284 4548 intra
297 4511 377 4548 unam
389 4494 537 4575 aediculam
549 4497 605 4550 uim
618 4499 711 4551 tantae
723 4494 875 4549 maiestatis
888 4493 1042 4549 includam?
