3300 5142
354 505 420 568 21ss
549 500 695 568 Sulpicii
714 499 830 552 Seueri
848 499 1012 566 Dialogus
1032 497 1057 549 11
1076 494 1141 561 lfflp
1161 494 1279 551 li-la

356 659 456 723 lulum
470 658 603 722 deuotus
623 656 799 721 intraueris.
821 656 899 718 sciat
919 652 1099 718 Conuihus.
1121 651 1220 716 sciant
1241 651 1396 723 Athenae,
1421 669 1486 715 non

355 761 569 843 sapientiorem
589 760 622 824 iu
642 759 799 824 academia
813 757 976 822 Platonem
994 774 1050 820 nec
1065 754 1209 819 Socraten
1230 755 1264 820 in
1283 773 1402 820 mrcere
1418 753 1485 818 lor·

354 865 481 928 tiorem:
502 862 624 927 felicem
637 862 763 944 quidem
777 859 947 926 Graeciam.
963 877 1041 941 quae
1055 858 1168 922 meruit
1182 857 1484 939 audirsApostolum

353 967 593 1049 praedicantem,
615 964 668 1027 sed
687 981 878 1046 nequaquam
898 981 917 1026 a
937 961 1059 1025 Chr'mm
1073 959 1192 1024 Gallias
1206 959 1384 1032 derelictas,
1409 959 1483 1040 qui-

325 1069 411 1133 'llrus
435 1069 596 1132 domuerit
619 1066 730 1131 habere
754 1066 933 1130 Martinam.
956 1083 1027 1128 cum
1042 1081 1114 1127 uero
1133 1063 1172 1128 ad
1187 1062 1367 1146 Aegyptum
1382 1079 1483 1143 usquo
1504 1080 1516 1118 s

353 1171 541 1254 pemeueris,
566 1187 753 1252 quamquam
767 1168 822 1232 illa
837 1186 963 1231 suorum
984 1169 1159 1230 sauctorum
1170 1184 1296 1229 numero
1311 1166 1353 1228 sil
1368 1169 1398 1228 ot
1415 1165 1482 1228 uir·

353 1274 473 1338 tutibus
487 1272 631 1354 superba,
646 1273 750 1336 tamen
763 1289 822 1335 non
837 1270 1020 1353 dedignetur
1033 1269 1154 1336 audire.
1170 1288 1264 1350 quam
1279 1268 1328 1332 illi
1344 1268 1393 1332 uel
1409 1269 1483 1332 uui·

353 1394 458 1440 uersae
472 1376 565 1440 Asiae
579 1375 611 1438 in
625 1373 690 1437 solo
705 1373 840 1438 Martiuo
855 1374 976 1453 Europa
990 1389 1051 1436 nou
1064 1372 1198 1435 cesserit.

304 1484 343 1548 lt
395 1477 536 1544 Ceterum
552 1497 622 1542 cum
637 1476 849 1558 Hierosolyma
870 1475 940 1540 inde
965 1475 1117 1556 petiturus
1134 1475 1234 1538 uentis
1260 1494 1384 1540 rursum
1410 1475 1482 1540 uela

352 1581 558 1657 commiseris,
579 1580 739 1663 negotium
752 1579 811 1643 tibi
827 1577 924 1642 nostri
939 1575 1051 1642 doloris
1066 1576 1209 1660 miungo.
1232 1579 1268 1640 ut
1289 1578 1315 1640 si
1331 1597 1513 1660 umquamne

351 1683 492 1749 inlustris
503 1682 588 1747 illius
599 1681 800 1746 Ptolemaidis
813 1681 889 1744 litus
903 1679 1079 1754 accesseris
1095 1679 1246 1744 sollicitus
1261 1679 1410 1762 inquiras,
1427 1680 1480 1744 ubi

352 1785 396 1852 sit
415 1785 609 1867 consepultus
628 1785 730 1849 noster
748 1783 802 1847 ille
817 1783 1018 1864 Pomponius,
1041 1801 1096 1846 noc
1111 1781 1253 1846 fastidias
1268 1783 1396 1847 uisitare
1411 1801 1480 1847 oms

323 1889 518 1973 aperegrma.
542 1887 656 1953 multas
675 1886 741 1951 illic
760 1887 904 1951 lacrimas
926 1887 992 1949 tarn
1012 1904 1048 1948 ex
1062 1885 1172 1950 aflectu
1189 1889 1242 1949 tuo
1257 1905 1352 1968 quam
1366 1905 1403 1951 ex
1424 1904 1480 1950 no-

351 1993 424 2056 stris
448 1991 542 2056 fundo
566 1989 750 2066 uisceribus,
772 2007 809 2054 ao
828 1988 901 2052 licet
921 1988 1005 2052 inani
1025 2007 1150 2052 munere
1173 1987 1273 2052 solum
1288 1989 1391 2070 ipsum
1406 1989 1479 2052 flore

350 2112 501 2176 purpureo
526 2094 558 2158 et
582 2112 676 2158 suane
699 2092 905 2157 redolentibus
920 2109 1028 2174 sparge
1048 2091 1252 2174 graminibus.
1276 2091 1358 2156 dices
1373 2093 1508 2158 tamenn

351 2197 414 2262 illi.
436 2197 489 2262 sed
514 2214 574 2262 uon
599 2215 718 2278 aspere,
741 2213 801 2262 nou
815 2195 936 2272 acerbe,
960 2193 1161 2274 conpatientis
1175 2193 1325 2275 alloquio,
1348 2211 1409 2259 non
1424 2213 1476 2259 ex·

322 2299 523 2383 dprolrrantis
538 2298 652 2383 elogio:
674 2298 756 2382 quod
775 2298 802 2362 si
822 2298 872 2362 uel
887 2299 918 2361 te
933 2298 1086 2379 quondam
1108 2295 1157 2360 uel
1172 2315 1221 2361 me
1237 2315 1356 2379 semper
1370 2298 1476 2362 audire

350 2402 513 2479 uoluisset,
535 2403 567 2466 et
581 2402 751 2466 Martinum
765 2401 866 2484 magis
881 2419 973 2481 quam
989 2399 1094 2476 illum,
1118 2417 1209 2482 quem
1223 2399 1380 2465 nominare
1394 2400 1475 2476 uolo,

350 2505 460 2569 luisset
474 2504 633 2581 imitatus,
648 2522 817 2585 numquam
832 2523 850 2567 a
866 2521 915 2566 me
930 2504 996 2567 tam
1010 2502 1174 2568 crudeliter
1188 2502 1362 2584 disparatus
1375 2502 1474 2586 ignoti

350 2607 486 2690 pulueris
496 2607 580 2690 syrte
591 2607 762 2689 tegeretm,
776 2605 918 2689 naufragi
934 2607 1014 2670 sorte
1027 2605 1188 2686 praedonis
1203 2623 1310 2686 passus
1326 2606 1358 2670 iu
1373 2605 1504 2670 medion

320 2710 428 2776 lmari
442 2712 573 2774 mortem
588 2711 620 2774 et
634 2708 687 2772 uir
701 2710 734 2772 iu
748 2709 880 2772 extremo
905 2710 1033 2773 nanctus
1053 2708 1143 2772 litore
1163 2708 1362 2789 sepulturam.
1386 2709 1473 2774 uido-

349 2814 404 2878 ant
418 2811 475 2876 hoc
490 2830 565 2894 opus
580 2831 687 2888 suum,
710 2811 894 2893 quicumque
909 2811 941 2876 in
956 2811 1071 2875 ultione
1086 2811 1171 2874 illius
1191 2811 1270 2874 milri
1290 2829 1397 2876 nocere
1420 2829 1473 2876 uo·

349 2914 487 2991 luerunt,
502 2914 627 2980 uideant
641 2914 773 2998 gloriam
788 2932 877 2978 suam
892 2915 922 2978 et
937 2915 987 2978 uel
1001 2933 1082 2978 nunc
1096 2914 1261 2978 aduersum
1275 2931 1324 2978 me
1339 2913 1473 2998 grassari

349 3017 489 3084 desinunt
503 3017 661 3082 uindicati.

320 3141 339 3198 5
392 3121 475 3186 Haec
496 3139 567 3186 cum
587 3119 719 3185 maxime
739 3119 836 3184 flebili
856 3137 929 3184 uoce
946 3137 1150 3203 gemeremus,
1172 3117 1312 3183 omnium
1337 3119 1500 3184 lacrimisu

347 3242 402 3306 per
420 3224 524 3288 nostra
537 3224 673 3288 lamenta
687 3223 864 3302 commotis,
880 3241 951 3287 cum
966 3241 1077 3306 magna
1092 3221 1216 3303 quidem
1231 3221 1357 3286 Martini
1372 3222 1472 3287 admi·

349 3327 480 3404 ratione,
504 3327 556 3391 sed
570 3344 630 3392 nou
643 3327 761 3392 minore
774 3344 810 3390 ex
823 3326 937 3390 nostris
952 3324 1074 3389 fletibus
1089 3324 1190 3389 dolore
1205 3324 1373 3390 discessum
1394 3327 1452 3390 est.

402 3512 417 3567 l
438 3511 547 3566 diuorns
560 3511 590 3567 F
605 3513 617 3580 ll
637 3513 774 3566 chorintus
790 3512 817 3566 V
876 3511 894 3567 2
913 3513 1032 3564 socraten
1053 3510 1081 3565 in
1100 3510 1170 3564 AV:
1189 3513 1291 3564 sacrate
1307 3511 1368 3580 (orn.
1387 3509 1470 3582 ian,

348 3598 482 3651 Socratem
495 3597 551 3652 inc
602 3597 868 3666 5douaueratFpr.
881 3613 914 3650 ru.
973 3595 1031 3653 sec
1044 3594 1192 3650 uirtutibus
1204 3596 1319 3651 sitAFo
1362 3597 1470 3666 ‘lquarn

348 3682 417 3738 BV:
436 3699 489 3752 qua
500 3683 579 3747 w,
598 3684 780 3752 quiaFcorr.
803 3689 866 3738 Aa
934 3681 1173 3752 9hierosolymsm
1190 3682 1261 3736 AFo
1289 3684 1301 3750 l}
1333 3681 1470 3738 rursumA

348 3775 375 3824 et
387 3769 443 3824 cod.
458 3769 574 3823 Vorotii:
593 3785 697 3823 cursum
709 3769 773 3823 ΓΜ
776 3768 814 3834 V,
833 3767 931 3822 cursim
942 3768 974 3822 F
982 3785 1064 3832 cora,
1078 3783 1200 3822 cursuum
1213 3785 1229 3822 o
1282 3769 1319 3826 14
1337 3769 1423 3839 inani]
1444 3769 1469 3820 in

348 3855 421 3910 omni
446 3855 473 3909 V
489 3856 501 3923 ΙΙ
521 3854 611 3908 florem
635 3856 661 3909 V
722 3855 760 3914 15
778 3870 901 3924 spargere
914 3854 941 3907 V
960 3855 972 3921 ΙΙ
992 3853 1059 3907 dicis
1073 3853 1099 3907 V
1149 3853 1186 3910 16
1204 3856 1316 3924 compat.
1332 3851 1472 3923 eloquioF

400 3939 440 3998 20
456 3939 608 4010 syrteBV:
635 3940 741 4009 regione
758 3941 830 3994 AFo
881 3940 918 3995 21
939 3942 1049 3992 nanctus
1076 3939 1113 3992 V:
1141 3941 1234 3994 nactus
1255 3940 1327 3994 AFo
1387 3941 1425 3998 22
1443 3940 1469 3992 in

348 4023 423 4080 illius
433 4025 533 4080 ultione
542 4026 580 4080 V:
605 4041 636 4080 cr
647 4026 664 4078 i.
675 4025 776 4078 ultione
790 4024 829 4089 B,
842 4041 872 4078 ex
883 4024 958 4078 illius
967 4024 1034 4092 (illis
1043 4026 1081 4094 A)
1090 4024 1206 4078 discessu
1216 4027 1288 4081 AFv
1307 4029 1319 4094 ll
1339 4026 1468 4081 noluerint

352 4111 487 4176 Kuolnnt
503 4111 530 4165 B
565 4111 603 4168 23
622 4127 668 4165 uos
683 4111 756 4176 BM;
767 4126 809 4163 me
818 4110 936 4180 grassari
949 4111 1040 4164 om.V
1089 4109 1127 4166 26
1139 4110 1323 4166 ammiratione
1335 4112 1374 4178 F,
1388 4111 1467 4167 adrui·

348 4197 479 4250 seratioue
496 4198 522 4251 A
586 4197 624 4255 27
642 4196 759 4266 Explicit
775 4197 778 4262 Ι
793 4196 917 4264 dialogus
943 4194 975 4248 de
993 4195 1051 4249 nita
1067 4195 1141 4250 beuti
1160 4197 1270 4250 martini
1293 4198 1408 4268 episcopi
1424 4195 1429 4264 Ι
1443 4197 1467 4248 et

348 4281 504 4337 confessoris
525 4299 571 4352 per
589 4299 709 4338 seuerum
731 4280 872 4350 sulpicium
888 4283 891 4350 l
907 4281 1063 4334 monachum
1084 4281 1276 4336 massiliensem
1299 4283 1334 4346 V,
1353 4282 1467 4352 Explicit

347 4367 470 4436 dialogus
485 4367 612 4422 secundus
627 4367 659 4423 de
674 4367 732 4422 uita
747 4367 834 4421 sancti
849 4366 960 4420 martini
969 4367 1008 4430 F,
1027 4367 1058 4421 irs
1073 4366 1100 4419 A
1112 4367 1191 4421 nulla
1205 4374 1243 4422 est
1257 4369 1426 4440 subscriptio.
