3300 5142
357 521 418 584 1572
772 513 919 581 Sulpicii
937 513 1053 566 Seueri

353 684 452 736 xerat.
473 669 705 754 euangelicum.
719 672 842 751 inquit.
857 672 1042 734 mmmmm
1057 671 1118 732 ieta
1133 667 1305 749 compleuit:
1326 663 1406 726 dns
1419 661 1488 726 lra-

353 775 422 839 buit
447 776 587 838 turim.
609 793 824 837 uramentum
846 775 959 856 largita
981 786 1028 836 est
1044 771 1261 835 monhabsnti:
1283 769 1330 830 ita
1350 783 1426 848 engo
1445 767 1488 828 et

322 895 407 949 aare
421 877 521 940 beare
534 877 664 940 delusis.
686 877 763 940 item
779 897 851 940 eum
864 877 1027 939 subulcum
1041 875 1198 957 algentem
1208 891 1244 935 ac
1254 889 1350 954 pam
1359 869 1485 933 nudum

352 981 383 1044 in
399 980 522 1062 pellicia
538 992 624 1043 ueste
648 979 795 1045 uidisset.
816 999 872 1047 cnr.
894 981 1012 1060 inquit.
1035 979 1138 1041 Adam
1164 977 1296 1058 [eiectus
1320 973 1360 1037 tle
1382 991 1483 1055 para-

350 1083 381 1146 di
387 1084 433 1164 o}
449 1083 481 1146 in
496 1090 582 1146 uota
596 1082 724 1164 pellicea
739 1101 809 1145 sues
823 1084 940 1164 pauit:
963 1082 1015 1145 sed
1041 1101 1096 1144 nos
1121 1081 1176 1144 illo
1200 1092 1306 1143 uetere
1325 1077 1480 1158 deposito,
1505 1097 1519 1134 s

320 1186 403 1266 spo
420 1185 520 1248 abnue
535 1185 567 1248 in
581 1185 643 1247 istro
656 1197 778 1251 mana.
799 1203 913 1248 nonum
929 1185 1031 1248 Adam
1053 1185 1157 1266 potius
1183 1183 1359 1248 mammas„
1380 1179 1478 1244 bouoe

350 1305 388 1352 ex
410 1298 498 1369 parte
521 1296 613 1369 prata
636 1288 840 1370 depauerant,
869 1287 952 1370 porei
978 1289 1074 1351 etiam
1098 1286 1244 1352 nonnulla
1270 1283 1478 1348 maslerant:

350 1408 422 1472 pars
436 1400 553 1463 cetera,
574 1407 653 1470 quae
666 1391 811 1456 manebat
827 1391 958 1459 inlaesa.
981 1391 1113 1454 mnemia
1133 1389 1260 1453 floribus
1280 1387 1369 1469 qnasi
1389 1387 1478 1468 piem

351 1492 507 1556 uernabat.
530 1494 680 1575 spetiem,
702 1495 817 1575 inquit.
840 1495 920 1576 gerit
940 1513 1012 1575 pars
1031 1494 1087 1558 illa
1101 1493 1255 1576 coniugii,
1282 1509 1362 1573 qnae
1381 1508 1400 1552 a
1419 1506 1477 1570 ps-

349 1611 418 1660 core
432 1595 561 1678 depasta
581 1597 640 1660 etei
662 1616 723 1661 non
742 1598 867 1680 penitus
881 1598 1017 1680 gratiam
1031 1598 1138 1660 amisit
1152 1596 1334 1670 herbarum,
1355 1591 1477 1657 nnllam
1486 1611 1517 1650 rs

349 1699 455 1762 tamm
468 1697 577 1763 limum
592 1700 705 1764 retinet
719 1700 922 1782 dignitatem:
944 1699 1001 1763 illa
1025 1719 1114 1773 nero,
1136 1717 1231 1780 quam
1255 1697 1340 1780 porci
1364 1713 1477 1778 pecora

349 1799 498 1866 mmuuda
523 1800 682 1878 foderuut,
704 1800 915 1866 iomioetionis
951 1803 1119 1885 imaginem
1156 1801 1277 1865 foedam
1302 1797 1477 1882 protendit:

348 1905 485 1968 ceterum
510 1903 566 1969 illa
590 1907 706 1987 portio,
727 1924 806 1988 quae
825 1905 944 1970 nullam
960 1907 1055 1969 sensit
1068 1905 1230 1971 iniuriam.
1253 1903 1386 1986 gloriam
1406 1900 1473 1964 nir-

347 2007 492 2092 giuitatis
506 2009 657 2074 ostendit:
679 2009 783 2074 barbis
797 2008 928 2073 fecunda
941 2007 1093 2081 luxuriat,
1121 2006 1201 2072 foeni
1226 2007 1261 2070 in
1286 2025 1323 2070 ea
1348 2004 1469 2068 finctus

347 2109 494 2176 exuberat
505 2115 537 2176 et
551 2111 636 2176 ultra
648 2129 770 2176 omnam
785 2111 919 2194 speciem
933 2111 1081 2174 distincta
1094 2109 1221 2173 floribus
1236 2108 1323 2190 quasi
1338 2107 1473 2190 gemmis
1484 2123 1513 2164 u

348 2212 536 2278 micantibus
550 2216 658 2279 ornata
672 2214 783 2278 radiat.
807 2214 897 2278 beata
913 2215 1028 2296 speciae
1043 2213 1075 2277 et
1089 2213 1154 2278 Deo
1168 2212 1279 2295 dignu:
1294 2210 1373 2275 nihil
1388 2209 1473 2273 onim

319 2315 525 2399 tuirginitati
541 2317 589 2380 cst
602 2317 839 2399 conparandmn.
863 2317 955 2382 itaet
970 2316 1034 2387 illi,
1051 2317 1104 2398 qui
1125 2315 1269 2398 coniugia
1282 2313 1467 2378 lomication

348 2422 541 2501 comparant,
564 2419 760 2484 uehementer
773 2423 891 2496 errant,
914 2422 946 2484 et
971 2419 1019 2482 illi
1045 2420 1099 2500 qui
1124 2419 1267 2500 coniugia
1292 2414 1472 2499 uirginitati

320 2521 507 2602 aaequauda
525 2522 708 2596 aestimant,
730 2522 836 2586 miseri
857 2524 980 2604 penitus
1000 2526 1033 2586 et
1053 2522 1144 2586 stulti
1164 2523 1245 2586 snut.
1269 2538 1379 2584 uarum
1393 2518 1471 2582 haec

348 2623 572 2706 asapieutibus
586 2625 717 2688 tenenda
730 2625 888 2690 distinctio
903 2628 966 2702 est,
989 2627 1025 2690 ut
1051 2624 1230 2708 coniugium
1255 2621 1409 2706 pertineat
1430 2619 1511 2686 adn

347 2727 487 2804 uenam,
510 2727 675 2810 uirginitas
700 2729 818 2810 spectet
843 2729 882 2793 ad
903 2729 1050 2813 gloriam,
1073 2727 1235 2794 fornicatio
1249 2727 1416 2809 deputetur
1430 2724 1472 2788 ad

348 2847 493 2912 poenam,
516 2831 576 2895 uisi
591 2829 802 2896 satisfactione
816 2834 974 2915 purgetur.

300 2941 334 3006 ΙΙ
390 2931 482 2998 Miles
507 2933 634 3016 quidam
659 2935 817 3018 cingulum
849 2935 881 3000 in
913 2934 1060 3012 ecclesia,
1096 2934 1278 2998 monachum
1304 2930 1471 3015 professus,

347 3035 515 3104 abiecerat:
531 3036 676 3103 cellulam
691 3038 750 3102 sibi
765 3038 886 3102 eminus
900 3038 933 3102 in
948 3039 1066 3103 remoto
1081 3037 1169 3119 quasi
1184 3036 1313 3100 eremita
1328 3035 1471 3098 uictmus

346 3143 491 3218 erexerat.
514 3142 632 3207 interea
657 3143 779 3207 astutus
803 3141 948 3206 inimicus
969 3141 1065 3205 uariis
1088 3137 1328 3222 cogitationibus
1342 3135 1507 3200 aramma

345 3246 453 3327 peetus
473 3244 631 3329 agitabat,
647 3246 684 3309 ut
697 3245 858 3328 coniugem
881 3263 983 3321 suam,
1006 3259 1100 3324 qnam
1126 3242 1280 3307 Martinus
1303 3241 1337 3304 iu
1362 3257 1471 3304 mous-

346 3347 440 3412 sterio
455 3346 629 3430 puellarum
651 3366 716 3412 esse
737 3348 950 3430 praeceperat,
973 3347 1134 3412 uoluntate
1149 3345 1272 3410 mutata
1285 3362 1390 3409 secum
1412 3361 1468 3426 po-

317 3449 410 3516 ttius
425 3450 520 3516 uellet
533 3450 683 3516 habitura.
707 3451 774 3516 adit
789 3468 861 3534 ergo
881 3450 1052 3516 Martinum
1077 3449 1166 3515 fortis
1189 3448 1318 3513 eremita
1340 3449 1372 3510 et
1394 3445 1470 3527 quid

345 3705 451 3762 condita
459 3721 489 3774 o,
501 3705 532 3762 F
541 3721 608 3760 corr.
623 3711 649 3760 et
660 3707 764 3776 diceet
776 3707 842 3762 libri
852 3707 983 3774 Gisetioi,
996 3713 1028 3761 ot
1039 3707 1166 3774 uidetur,
1179 3705 1340 3776 spiritaliter
1349 3705 1407 3772 (sel
1416 3703 1471 3772 spi-

344 3791 494 3859 ritualiter)
515 3793 570 3846 ealc
591 3791 697 3846 condita
722 3792 812 3862 AMQ

395 3880 414 3934 :t
432 3877 529 3932 iterum
542 3878 572 3932 F
591 3880 603 3945 11
625 3878 815 3934 humunculum
832 3880 940 3934 Vsolua
991 3879 1163 3950 4pelliceau
1185 3881 1197 3947 ΙΙ
1220 3879 1319 3934 eiectus
1332 3877 1364 3931 dc
1375 3875 1466 3946 parad.

343 3963 436 4018 om.V
484 3965 583 4024 boues
603 3965 691 4034 pascit
714 3965 741 4019 V
790 3965 1103 4021 budhuc-iuduamus
1124 3981 1172 4020 om.
1194 3967 1251 4033 711
1272 3963 1358 4019 Adam
1378 3961 1470 4031 oeaQ

393 4049 412 4103 a
429 4050 585 4104 remanebat
596 4051 626 4104 F
684 4050 701 4107 9
720 4050 815 4106 aBV:
833 4068 881 4106 om.
896 4052 978 4116 asc,
992 4057 1045 4120 qut
1057 4067 1149 4120 pecora
1160 4051 1271 4120 depasta
1283 4052 1346 4104 sunt
1356 4047 1387 4102 F
1395 4063 1468 4113 corr,

341 4137 409 4189 Μ
479 4138 513 4194 11
532 4137 616 4208 porci]
629 4137 693 4191 add.
706 4139 738 4192 in
750 4138 781 4193 F
788 4138 894 4193 maid
906 4141 947 4191 cst
1004 4138 1040 4193 12
1058 4137 1184 4201 foedaA,
1203 4135 1307 4190 foedera
1322 4135 1470 4203 thrae-

342 4217 512 4277 andreaea
560 4223 597 4280 14
609 4222 791 4278 luxuriath
808 4226 820 4292 ΙΙ
837 4223 956 4288 faeniV‚
973 4223 1060 4278 leniat
1118 4223 1154 4280 16
1167 4221 1320 4278 radiauitV
1364 4220 1401 4277 17
1414 4221 1469 4274 for-

341 4304 562 4378 nicationi-qui
574 4309 698 4378 coniugia
709 4325 757 4363 osu.
776 4310 801 4363 V
846 4309 882 4366 19
896 4309 1051 4363 existimant
1070 4310 1097 4363 B
1114 4315 1139 4364 et
1153 4308 1320 4364 2cliicodcl.
1335 4307 1413 4376 opud
1432 4307 1469 4361 es

344 4391 433 4448 Proto
487 4395 526 4452 24
543 4395 676 4450 heremita
687 4395 781 4460 ΑΝ,
800 4397 864 4450 item
872 4395 959 4465 poulo
967 4401 1031 4465 poet
1084 4395 1122 4452 28
1135 4393 1466 4450 aditBMzadiitAFVu

353 4478 367 4545 ΙΙ
389 4481 418 4534 ot
429 4478 493 4550 quid
505 4481 605 4536 AMV:
624 4481 689 4550 quid
698 4481 743 4538 Fe
