3300 5142
637 536 711 606 Cap.
734 536 853 593 12--13,
1271 538 1314 602 95

184 706 348 761 reuocetur.
372 715 443 761 cum
465 696 498 760 in
512 694 738 780 egiptaerisa
746 745 816 757 .....
825 693 1034 759 arescentibus
1054 693 1196 777 frugibus
1219 692 1314 757 mali-

184 800 263 863 tiose
276 798 368 864 famis
383 799 475 863 anmi
486 850 576 863 ......
585 818 656 862 sum
670 797 810 881 religiosi
828 796 1025 878 patriarchae
1045 797 1159 861 semine
1173 814 1313 877 procree-

183 906 235 969 tus
249 903 371 967 iuuenis
393 902 505 983 Ioseph
525 902 752 984 interpretatus
773 901 928 966 somnium
949 900 1032 984 regis
1046 901 1150 964 totum
1165 900 1312 982 quicquid

182 1006 367 1070 imminebat
381 1006 521 1070 ostendit.
545 1003 659 1085 Ioseph
673 1008 741 1067 erat
756 1004 852 1069 Iacob
873 1004 972 1082 iilius,
996 1003 1049 1085 qui
1070 1004 1107 1068 ob
1128 1002 1312 1085 pudicitiam

161 1110 216 1175 ein
236 1130 389 1173 carcerem
409 1109 539 1186 missus,
561 1113 684 1189 ereptus
704 1111 776 1187 pom
800 1106 1085 1190 interpretationem
1110 1107 1224 1171 somnii
1250 1106 1312 1171 fuit

182 1212 332 1296 particeps
347 1214 442 1295 repni.
464 1214 468 1296 t
488 1233 566 1276 uam
580 1213 698 1295 septem
713 1229 868 1276 canorum
884 1210 1021 1276 collectis
1036 1210 1068 1275 et
1082 1209 1214 1276 seruatis
1228 1209 1311 1274 irue-
1320 1232 1423 1277 sorra.

182 1315 267 1380 tibus
282 1315 412 1381 alterius
426 1316 582 1396 septennii
596 1316 756 1397 epestatem
771 1314 900 1378 diuinae
914 1314 1028 1378 mentis
1042 1312 1236 1396 prouidentia
1250 1314 1311 1377 mi-

182 1418 308 1502 tigsuit.
332 1418 404 1482 huic
423 1420 495 1500 post
515 1422 644 1483 mortem
659 1417 808 1502 Aegyptii
828 1417 929 1500 patrio
952 1418 1053 1501 gentis
1074 1436 1146 1481 suae
1166 1416 1340 1485 instiutor

182 1522 300 1603 temple
314 1521 466 1597 fecerunt,
490 1524 522 1587 ot
546 1522 582 1585 ut
611 1521 710 1585 iustae
735 1520 972 1601 disponsationis
994 1520 1129 1604 gratiam
1143 1521 1312 1602 posteritas

147 1624 320 1703 edisceret,
338 1625 392 1689 iiic
405 1624 529 1688 modius
542 1644 603 1705 quo
624 1623 832 1688 esurientibus
847 1622 1003 1687 frumenta
1025 1624 1191 1701 diuiserat,
1215 1623 1310 1705 capiti

181 1729 393 1811 superpositus
414 1730 470 1793 est.
493 1744 604 1791 nomen
630 1726 725 1792 etiam
752 1729 787 1791 ut
810 1725 946 1791 sanctius
973 1725 1123 1790 coleretur
1149 1744 1184 1789 er
1210 1726 1310 1807 primo

182 1836 305 1896 auctore
320 1832 440 1915 generis
455 1831 582 1912 accepit.
598 1849 675 1894 nam
689 1831 762 1911 quia
777 1828 886 1894 Sarrae
896 1845 1051 1909 pronepos
1067 1827 1179 1905 luerat,
1194 1848 1232 1892 ea
1246 1848 1310 1909 qua

181 1935 392 2018 nonagenaria
406 1933 565 1998 Abrabam
580 1931 775 2018 indulgentia
789 1934 848 1997 Dei
864 1936 1039 2014 susceperat
1053 1931 1172 2011 filium,
1189 1930 1310 2013 Serapis

182 2038 284 2101 dictus
300 2039 348 2102 est
361 2054 469 2121 graeco
483 2054 635 2115 sermone,
657 2037 715 2101 hoc
735 2037 782 2101 est
801 2028 927 2121 Σάρρας
947 2038 1035 2111 παῖς,
1059 2034 1114 2099 sed
1133 2035 1191 2099 boc
1210 2034 1337 2101 inuitos

144 2164 172 2204 re
184 2140 308 2221 Ioseph,
332 2140 428 2205 immo
443 2140 580 2205 mortuo:
595 2159 693 2223 neque
708 2139 791 2205 enirn
806 2139 918 2204 adhoc
933 2137 1051 2203 facinus
1066 2138 1228 2223 religiosus
1243 2139 1310 2203 ani·

182 2263 252 2308 mus
267 2245 299 2308 et
313 2245 378 2309 Deo
393 2262 514 2308 summo
527 2243 648 2309 dicatus
663 2242 951 2324 adducipotuisset
967 2243 1004 2306 ut
1018 2242 1127 2305 erroris
1142 2240 1311 2306 inlecebras

183 2366 219 2411 ex
234 2347 359 2411 nomine
373 2365 428 2412 suo
443 2346 667 2430 superstitiosis
681 2345 858 2410 bominibus
870 2345 936 2428 ipso
946 2344 1114 2426 praeberet,
1129 2344 1310 2426 praesertim

182 2468 253 2515 cum
268 2451 360 2515 sciret
373 2451 449 2515 haec
463 2467 529 2514 esse
543 2450 575 2514 in
590 2449 647 2514 Dei
664 2449 865 2515 sacrosanctis
881 2447 1012 2531 leptim,
1028 2468 1066 2513 ne
1081 2448 1134 2529 qui
1149 2448 1310 2512 hominum

181 2553 244 2618 tale
258 2553 380 2636 aliquid
400 2554 455 2618 ant
474 2555 678 2618 reseraretur
696 2557 753 2617 aut
769 2553 889 2617 coleret.
918 2551 969 2617 bic
984 2554 1016 2616 in
1031 2552 1174 2636 Aegypto
1189 2551 1310 2628 colitur,

144 2654 231 2719 robic
251 2656 410 2735 adoratur,
433 2656 530 2721 huius
549 2656 752 2722 simulacrum
772 2673 969 2721 neocororum
988 2656 1080 2721 turba
1102 2654 1250 2733 custodit,
1279 2656 1311 2720 ot

183 2757 223 2822 sd
237 2759 422 2824 memoriam
436 2760 602 2825 uetustatis
615 2778 718 2824 errans
732 2761 864 2842 populus
879 2760 1021 2824 ordimem
1035 2777 1192 2825 sacrorum
1206 2758 1239 2823 in
1253 2758 1309 2823 ho-

182 2964 321 3028 Bursian,
340 2965 431 3032 quiae
443 2963 589 3017 communis
601 2964 633 3017 irs
646 2964 674 3017 P
683 2963 736 3017 orbi
747 2963 898 3032 debpexisse
909 2963 1038 3019 uidetur:
1055 2979 1086 3017 ac
1097 2964 1229 3017 communi
1241 2980 1266 3028 a,
1279 2980 1309 3017 ac

180 3050 252 3118 (ate)
264 3050 380 3103 *saunis
402 3050 494 3118 inepta
514 3050 583 3119 (uon
605 3052 707 3118 nostra)
727 3049 899 3119 fssgibtate
917 3050 957 3117 P,
975 3056 1007 3104 ut
1028 3050 1138 3103 Loreue
1159 3056 1276 3104 testatur

231 3137 246 3188 1
265 3152 326 3188 cum
346 3135 375 3187 in
394 3126 510 3204 Aegipto
530 3136 658 3205 glisceret
677 3136 727 3204 lau
748 3136 864 3189 saeuiret
871 3134 897 3205 l)
918 3138 987 3189 coui.
1011 3135 1150 3201 Bursian,
1182 3151 1243 3189 cam
1266 3134 1308 3187 in·

178 3226 286 3290 grueret
298 3239 317 3274 a
360 3221 474 3276 2fsmes
486 3221 579 3274 Jacobi
591 3222 761 3290 patriarchae
772 3239 791 3273 a
835 3221 1109 3291 3interpretatusque
1122 3238 1140 3274 a
1185 3220 1309 3276 ‹tinnue-

178 3306 257 3359 bsta
279 3309 291 3374 ΙΙ
314 3306 472 3360 οῐηηοοῐ)
485 3307 523 3371 Ρ,
542 3308 642 3361 litteris
661 3314 725 3375 post
745 3324 774 3361 er
794 3307 845 3376 (au
857 3308 916 3377 esi)
936 3310 1046 3362 macula
1066 3308 1175 3375 deletis;
1203 3310 1245 3361 est
1263 3307 1309 3362 Ja-

182 3392 241 3447 cobi
253 3409 284 3457 a,
303 3394 345 3445 est
356 3393 438 3447 Jacob
451 3392 491 3446 ed.
506 3393 589 3446 Burs.
614 3395 626 3461 ΙΙ
649 3392 731 3447 Jacob
743 3393 816 3446 filius
829 3394 990 3463 Krabiuper
1001 3394 1172 3461 (Mrbacbuer
1183 3394 1233 3463 pel.
1247 3394 1308 3448 Au·

179 3480 359 3547 reipea1848
370 3496 398 3531 rr.
411 3481 475 3545 177)
488 3478 697 3543 obdormierit,
716 3486 814 3533 coatra
832 3479 973 3534 Wowerus
984 3482 1043 3533 crat
1061 3482 1123 3549 (est)
1135 3480 1218 3534 Jacob
1236 3480 1309 3534 filius

180 3564 298 3619 delenda
319 3566 427 3619 censuit
479 3564 612 3618 imentis
634 3566 672 3619 P:
691 3582 785 3619 manus
802 3583 820 3618 a
874 3566 891 3622 9
910 3582 979 3619 uum
998 3566 1142 3634 posteritas
1163 3584 1202 3621 aa
1222 3569 1310 3636 poste·

181 3651 265 3705 riores
276 3652 309 3704 iu
321 3652 349 3705 P
358 3652 468 3720 lepatur
480 3651 588 3705 dubitat
601 3652 725 3719 Loreue;
743 3652 816 3720 quod
829 3652 932 3706 deiude
942 3653 1066 3721 sequitur
1077 3653 1203 3717 disceret,
1221 3654 1261 3707 sic
1278 3654 1311 3706 iu

181 3738 209 3792 P
227 3755 261 3791 m.
283 3740 304 3790 2
323 3738 457 3805 scriptum
478 3743 530 3807 ast,
548 3754 610 3792 eum
631 3738 710 3792 aliud
729 3755 844 3792 manum
864 3744 980 3792 ueterem
1001 3740 1126 3793 babuisse
1138 3744 1275 3807 appareat

184 3823 223 3879 10
240 3823 287 3877 ille
299 3822 402 3877 modius
414 3824 475 3892 quo]
493 3824 620 3892 quomodo
632 3824 660 3879 P
679 3823 719 3892 (ἲ)
732 3842 762 3888 a,
790 3840 842 3892 quo
864 3824 950 3878 modio
964 3825 1119 3892 nouam
1136 3841 1197 3877 cum
1218 3830 1310 3877 tamea

185 3909 323 3962 Loreurio
334 3914 361 3961 et
370 3909 554 3964 Wrtmorrrseio
566 3911 677 3965 testibus
688 3917 814 3964 constare
825 3910 959 3963 uideatur
969 3910 1097 3978 quomodo
1110 3911 1141 3965 iu
1155 3912 1181 3963 P
1192 3926 1249 3963 uou
1261 3927 1308 3964 ea-

180 4000 268 4064 starc,
285 3996 341 4063 ipsi
354 3994 403 4048 ille
413 3994 518 4049 modius
530 4012 581 4064 quo
593 3997 797 4064 suppleuimuo;
815 3998 978 4050 obscuratae
989 4002 1055 4050 emat
1067 4002 1158 4050 autem
1170 4003 1237 4050 aute
1248 4012 1308 4049 esu·

180 4080 312 4136 rientibus
325 4080 467 4135 duodecim
482 4082 543 4148 fere
559 4082 666 4136 litterae
688 4085 700 4150 ΙΙ
723 4082 902 4136 esurientibus
920 4084 948 4136 P
958 4084 1025 4136 sotis
1042 4083 1170 4137 distincte
1187 4084 1310 4150 (testibus

180 4166 317 4221 Laenate
328 4173 354 4221 et
371 4167 583 4236 deauuoio):
602 4168 781 4222 esurientibus
802 4173 831 4222 et
851 4169 1001 4222 ementibus
1017 4186 1048 4237 a,
1067 4171 1113 4223 cui
1124 4170 1238 4223 lectioni
1254 4172 1310 4223 iam

177 4253 299 4320 spatium
310 4254 342 4305 iu
354 4252 411 4307 cod.
424 4255 588 4322 refrepatur
608 4256 620 4321 ΙΙ
642 4255 739 4324 capitis
751 4257 790 4319 P,
803 4255 903 4323 cupitis
915 4272 946 4320 a,
960 4254 1044 4323 capiti
1056 4255 1079 4308 is
1091 4256 1238 4332 Wmcerus,
1250 4257 1310 4324 ipse

177 4338 271 4391 malim
283 4338 368 4408 capiti
379 4338 436 4392 eius
507 4339 544 4396 12
563 4356 636 4393 serre
648 4341 687 4409 P,
707 4340 788 4394 Sarae
804 4358 823 4394 a
894 4341 929 4398 13
948 4340 1058 4409 Sarapis
1075 4342 1254 4396 Hildebraud
1271 4342 1309 4396 ad

177 4424 262 4491 Apul·
270 4442 299 4492 p.
314 4429 383 4479 1017
453 4426 491 4482 14
508 4423 621 4500 Σάρρας
642 4434 710 4487 παῖς
732 4428 873 4483 Burm'ars:
903 4427 1115 4483 CAPIOOTIOO
1131 4428 1173 4493 Ρ,
1201 4424 1309 4503 Σᾶῤῥας

177 4506 235 4561 ἀπό
247 4526 265 4563 a
288 4513 300 4578 ΙΙ
323 4511 421 4565 inuitio
433 4512 461 4565 P
513 4513 553 4569 20
571 4529 728 4582 neogrorum
741 4515 799 4582 Pa,
819 4530 866 4567 em.
887 4515 1028 4568 Wcroerus
