3300 5142
324 484 389 549 ᾖα)
742 479 890 550 Sulpicii
907 480 1022 536 Seueri

367 635 592 702 Paterfamilias
616 637 744 720 qnidam
768 638 992 704 duodecennem
1017 635 1114 702 filiam
1145 633 1183 699 ab
1214 633 1299 698 utero
1324 629 1444 694 mumm

323 739 457 806 Martino
477 740 577 822 eoepit
599 739 726 819 offerre,
748 758 872 824 poscens
892 743 928 806 ut
949 741 1089 826 linguam
1103 738 1233 822 ligatam
1247 733 1366 800 meritis
1380 729 1444 796 suis

294 843 436 910 4sanotis
461 842 512 908 uir
525 843 633 907 beatus
650 843 790 909 solueret.
811 844 867 910 ille
886 844 994 909 cedens
1008 841 1173 926 episcopia,
1195 839 1249 922 qui
1272 839 1342 902 tum
1366 833 1443 898 forto

323 945 407 1012 latus
430 945 517 1010 illius
541 945 733 1024 ambiebant,
755 946 919 1014 Valentino
943 947 1042 1030 adque
1067 943 1230 1022 victricio,
1252 941 1388 1022 inpurum
1410 954 1442 1002 se

323 1067 388 1113 esse
402 1049 507 1113 tantae
520 1047 611 1126 moli,
633 1048 686 1113 sed
708 1049 773 1114 illis
787 1051 876 1134 qnasi
891 1050 1093 1116 sanctioribus
1107 1047 1186 1113 nibil
1201 1041 1377 1127 inpossibile
1395 1038 1463 1104 fas

294 1152 455 1221 utebatur.
477 1152 512 1215 at
525 1150 574 1215 illi
587 1151 654 1233 pias
667 1170 771 1235 preces
784 1172 845 1218 una
865 1172 936 1218 eum
956 1153 1042 1236 putre
1052 1149 1184 1234 supplici
1198 1166 1271 1214 uoce
1285 1143 1442 1229 iungentes

323 1272 408 1319 orare
432 1253 604 1319 Martinum
629 1256 666 1319 ut
689 1257 811 1338 sperata
834 1258 1011 1339 praestaret.
1045 1273 1100 1320 nec
1125 1251 1284 1318 cunctatus
1309 1247 1442 1314 uiua-

323 1357 488 1437 utrumque
500 1357 705 1438 praeclarum,
726 1359 759 1422 et
772 1359 957 1425 ostendendo
976 1357 1187 1423 bumilitatem
1206 1371 1262 1420 noe
1281 1348 1442 1417 differendo

322 1459 470 1540 pietatem
481 1458 619 1524 -iubet
642 1460 870 1527 ebeumstantis
884 1461 990 1545 populi
1007 1459 1241 1526 multitudinem
1255 1451 1442 1520 submoueri:

322 1561 472 1643 episeopis
491 1562 613 1627 tantum
633 1565 665 1628 et
683 1563 803 1646 puellae
821 1566 908 1646 patre
927 1563 1147 1630 adsistentibus
1161 1561 1194 1626 in
1209 1557 1375 1625 orationem
1389 1569 1476 1618 suoo

295 1662 378 1731 tillo
402 1681 484 1728 more
508 1665 719 1746 prosternitur.
741 1666 813 1732 dein
837 1667 988 1748 pusillum
1007 1667 1067 1731 olei
1087 1683 1159 1731 cum
1178 1660 1338 1728 exorcismi
1357 1675 1443 1741 prae-

325 1765 439 1831 fatione
452 1766 620 1845 benedicit,
642 1769 741 1852 adque
754 1770 800 1836 itu
813 1770 847 1835 in
861 1789 895 1835 oa
909 1769 1029 1852 puellae
1043 1767 1270 1835 sanctificatum
1283 1765 1442 1847 liquorem,

295 1887 395 1943 teum
409 1871 441 1935 et
454 1869 593 1954 linguam
607 1871 693 1938 illins
707 1871 816 1957 digitis
831 1874 961 1952 teneret,
977 1871 1101 1940 infudit.
1116 1889 1172 1937 nee
1183 1868 1295 1936 fefellit
1306 1866 1445 1933 sanctum

323 1971 449 2036 obtutis
474 1975 610 2038 euentus.
632 1975 730 2058 patris
755 1994 866 2042 nomen
891 1977 1074 2061 interrogat:
1103 1991 1174 2039 mox
1199 1973 1255 2037 illa
1280 1967 1443 2052 rospondit.

322 2074 491 2156 proclamat
515 2077 602 2159 pater
626 2095 697 2144 oum
721 2079 835 2162 gaudio
860 2079 973 2163 pariter
997 2080 1029 2144 et
1054 2075 1191 2144 lacrimis
1206 2073 1333 2140 Martini
1347 2087 1478 2156 genusu

322 2178 498 2260 conplexus,
521 2181 553 2244 et
577 2180 656 2246 hane
680 2181 813 2264 primam
839 2201 871 2247 se
895 2182 977 2247 filiae
992 2181 1113 2247 audisse
1127 2196 1233 2245 uocem
1248 2174 1365 2241 cunetis
1379 2173 1446 2238 stu-

293 2282 464 2363 spentibus
489 2281 651 2348 fatebatur.
675 2303 711 2348 ac
731 2304 768 2350 ne
788 2285 932 2367 cuiquam
957 2285 990 2349 id
1010 2282 1188 2349 incredibile
1203 2279 1281 2346 forte
1296 2277 1446 2354 audeatur,

320 2384 479 2466 perhibeat
504 2386 592 2451 uobis
615 2405 757 2469 praesens
781 2387 935 2472 Euagrius
957 2386 1171 2453 testimonium
1191 2381 1347 2449 ueritatis:
1375 2397 1447 2444 nam

323 2505 372 2551 res
386 2487 452 2570 ipso
466 2490 621 2570 praesente
635 2492 705 2554 tum
719 2491 806 2574 gesta
819 2492 875 2554 est.

294 2595 313 2658 3
365 2589 502 2654 Paruum
516 2590 596 2656 illud
610 2592 666 2670 est,
682 2592 763 2674 quod
773 2611 869 2675 nuper
875 2593 1010 2678 Arpagio
1025 2592 1200 2676 presbytero
1213 2588 1361 2654 referente
1376 2603 1446 2669 eog-
1455 2601 1481 2644 au

295 2691 413 2770 moui,
435 2693 488 2756 sed
513 2711 573 2758 non
597 2695 903 2776 praetermittendum
924 2696 1055 2761 uidetur.
1079 2691 1221 2760 Auitiani
1236 2688 1358 2756 comitis
1372 2703 1447 2752 uxo·

323 2811 389 2858 rem
407 2794 529 2860 misisse
553 2795 687 2862 Martino
711 2797 829 2877 oleum,
853 2799 933 2881 quod
947 2799 986 2863 ad
1001 2797 1137 2863 diuersas
1151 2794 1327 2860 morborum
1342 2805 1447 2856 causes

323 2898 542 2976 numerium,
575 2898 658 2964 siout
682 2901 729 2966 est
754 2901 954 2980 consuetudo,
977 2901 1181 2966 benediceret:
1204 2896 1374 2979 ampullam
1397 2891 1446 2957 ui·

323 3000 422 3065 troam
435 2999 611 3067 istiusmodi
626 3001 735 3082 fuisse,
758 3005 794 3068 ut
807 3004 939 3070 rotunda
952 3003 985 3069 in
999 3004 1138 3069 uentrem
1153 3000 1298 3066 mesosret
1312 3016 1363 3063 oro
1376 3012 1446 3080 pro-

323 3101 429 3181 ducto,
451 3103 505 3167 sod
519 3103 580 3169 oris
594 3105 725 3170 extentis
740 3124 908 3172 consanum
923 3125 982 3173 non
996 3107 1163 3190 repletum,
1185 3103 1258 3186 quia
1282 3102 1328 3166 ita
1352 3097 1478 3164 moriae

322 3205 365 3270 sit
389 3205 514 3270 uasoula
538 3206 690 3289 conplere,
714 3210 749 3274 ut
772 3228 844 3292 pars
865 3229 987 3275 summa
1001 3208 1186 3274 umbonibus
1201 3202 1392 3271 obstruendis
1405 3199 1445 3264 li-

375 3410 391 3465 1
410 3408 605 3477 paterfamilias
628 3412 737 3480 quidam
762 3413 798 3466 V:
815 3416 893 3483 pater
913 3413 998 3468 liliam
1019 3411 1086 3476 AF,
1104 3409 1328 3481 paterfamiliaso
1350 3408 1362 3474 ΙΙ
1384 3405 1447 3460 duo·

324 3492 434 3548 dennem
452 3495 494 3574 cd.
516 3495 579 3550 ΑΜ.
604 3498 617 3564 ΙΙ
639 3497 724 3552 fllium
735 3498 769 3553 ab
781 3515 807 3553 u
819 3502 940 3553 mutuam
952 3499 1027 3554 MV:
1046 3498 1081 3552 ab
1093 3513 1118 3552 u.
1131 3498 1234 3550 mntem
1246 3492 1364 3563 puellam
1375 3489 1448 3546 auo

374 3581 393 3637 3
411 3567 463 3634 acia
476 3581 544 3651 AV:
561 3570 603 3637 ἦ
617 3583 661 3640 Fe
690 3586 703 3652 ΙΙ
733 3585 776 3640 uir
791 3584 887 3639 beatus
903 3585 941 3639 V:
960 3601 1009 3639 erra
1022 3583 1094 3638 AFo
1125 3585 1138 3650 ΙΙ
1169 3580 1284 3635 solueret
1304 3577 1342 3632 V:
1361 3574 1448 3631 absol-

323 3669 398 3720 ueret
419 3656 502 3723 AFo‘
567 3669 740 3725 lualentino
765 3671 800 3724 V:
818 3669 973 3725 ualentiano
994 3669 1023 3724 F
1037 3685 1082 3738 pr.
1104 3683 1138 3722 oa
1160 3664 1344 3720 ualentiniano
1365 3661 1448 3716 ΑΜ

374 3751 393 3808 t
411 3769 519 3807 orauere
538 3753 569 3808 F
586 3770 654 3810 corr.
707 3756 726 3812 9
744 3756 947 3811 circumstantes
972 3755 999 3810 V
1049 3752 1152 3811 111110
1179 3750 1203 3821 Q
1225 3753 1237 3819 11
1260 3765 1331 3804 more
1352 3763 1400 3801 oea
1421 3745 1451 3800 F

319 3853 364 3906 pr.
377 3855 410 3892 m.
435 3841 447 3908 11
466 3838 664 3909 pauxillumftf
713 3841 750 3898 13
767 3841 887 3896 infundit
900 3843 925 3894 A
978 3841 1017 3898 14
1035 3837 1175 3908 respondet
1187 3837 1228 3891 cd.
1242 3835 1306 3890 Atd.
1362 3833 1398 3889 16
1411 3831 1447 3900 et]

322 3922 391 3978 dicit
414 3925 450 3988 V,
467 3925 543 3979 baud
554 3927 661 3981 actorm
672 3933 756 3995 reete,
774 3927 946 3981 maerbasic
957 3926 1130 3996 distingues:
1148 3923 1215 3977 dicit
1235 3921 1303 3976 hanc
1324 3935 1363 3989 pr.
1382 3935 1410 3972 se
1428 3917 1446 3972 f.

323 4008 429 4063 audisse
452 4025 554 4064 uocem:
581 4012 684 4066 eunctis
704 4015 774 4081 stup.
801 4012 938 4066 fatebatur
1028 4011 1064 4067 17
1083 4010 1185 4064 fatetur
1206 4008 1275 4063 coni.
1305 4006 1339 4060 de
1360 4005 1448 4058 Proto

374 4095 414 4150 20
430 4095 547 4151 Paruum
560 4097 624 4152 ΒΜ
626 4116 633 4151 :
650 4099 749 4152 Parum
760 4098 860 4152 AFVo
882 4100 895 4165 11
918 4093 1312 4166 arpag10AFV2Horpegioo
1364 4089 1402 4146 22
1415 4087 1448 4142 ed

323 4195 413 4232 uersas
439 4181 464 4233 V
530 4182 568 4239 23
586 4183 732 4252 ampullam
751 4183 847 4236 BFV:
867 4183 1041 4251 ampullulam
1061 4181 1133 4236 AFu
1196 4179 1236 4235 24
1252 4175 1393 4232 rotundam
1413 4173 1447 4238 B,

322 4265 464 4320 rotundum
476 4269 545 4322 coni.
559 4269 593 4324 dc
605 4271 693 4324 Pruto
753 4269 792 4326 25
810 4268 851 4321 ita
863 4269 929 4322 BV:
942 4267 1039 4322 idAF
1099 4267 1137 4323 26
1156 4263 1264 4318 uascnla
1276 4261 1369 4316 AFV:
1387 4275 1449 4314 uas-

322 4351 384 4404 cula
396 4350 472 4405 illae
494 4355 506 4419 ΙΙ
528 4355 648 4423 conplere
660 4355 757 4410 ΑΝ.-
775 4354 931 4422 completio
954 4355 966 4422 ΙΙ
989 4368 1092 4408 summa
1105 4350 1264 4406 umbonibus
1285 4349 1320 4402 de
1341 4347 1447 4400 Proto:

322 4436 538 4491 summabonibus
553 4439 587 4503 V,
607 4455 710 4494 summa
721 4455 769 4494 oon.
783 4440 856 4494 AFo
