3300 5142
345 529 387 594 96
763 531 909 601 Sulpicii
927 532 1042 586 Seueri

344 688 426 750 esset
439 683 600 752 Gallorum
614 685 705 750 fides:
728 687 800 768 quia
824 690 910 765 tum,
932 688 1073 752 Arrianis
1096 705 1194 770 praua
1216 685 1255 750 de
1278 683 1366 749 nobis
1389 682 1461 747 nul·

344 789 505 872 gantibus,
528 789 662 872 suspecti
684 789 722 854 ab
743 788 951 855 Orientalibus
965 789 1155 855 habebamur
1174 789 1363 872 trionymam
1385 786 1461 851 soli-

342 891 415 955 tarii
435 893 494 956 Dei
519 893 662 956 unionem
684 893 850 959 seeundum
871 893 1040 959 Sabellium
1060 892 1234 958 credidisse.
1256 890 1311 955 sed
1324 888 1462 972 exposita

341 993 402 1059 fide
416 1013 472 1060 sua
487 996 574 1059 iuxta
588 1013 638 1072 aa,
661 1014 738 1076 quae
752 997 884 1062 Nicaeae
906 999 994 1062 amnt
1008 1016 1026 1062 a
1040 996 1181 1079 patribus
1195 993 1385 1076 conscripta,
1400 989 1460 1056 Oc·

312 1097 546 1162 ccidentalibus
561 1098 717 1181 perhibuit
731 1088 953 1165 testimoninm.
969 1101 1016 1164 ita
1029 1099 1179 1164 absolutis
1189 1097 1328 1163 omnum
1338 1095 1459 1171 amunia
1483 1122 1497 1160 a

341 1199 424 1265 intra
439 1201 655 1266 conscientiam
670 1203 891 1268 communionis
911 1221 967 1268 nec
987 1221 1048 1268 non
1061 1203 1157 1267 etiam
1170 1202 1204 1265 in
1218 1201 1396 1266 sodotatem
1410 1217 1459 1262 re·

340 1303 447 1384 ceptus
473 1303 658 1386 condlioque
684 1306 798 1371 ascitus
824 1309 880 1370 est.
904 1307 956 1389 agi
980 1304 1090 1370 deinde
1109 1307 1266 1387 sosptem,
1288 1300 1460 1386 repertique

312 1409 453 1487 oprauae
468 1405 601 1471 haeresis
616 1410 755 1474 auctores
777 1412 871 1490 atque
891 1409 931 1474 ab
951 1409 1095 1474 aeclesiae
1109 1425 1232 1490 corpore
1246 1405 1355 1472 auulsi.
1377 1405 1411 1470 in
1424 1421 1460 1469 ee

339 1525 466 1572 numero
481 1507 565 1574 fuere
580 1508 730 1594 Georgius
745 1511 784 1575 ab
799 1511 1001 1590 Alexandria,
1024 1511 1171 1588 Acutius,
1193 1510 1364 1586 Eudoxias,
1379 1506 1460 1572 Vra·

339 1609 423 1686 nius,
446 1611 607 1689 Leontius,
631 1611 834 1694 Theodosius,
855 1616 1024 1699 Euagrius,
1047 1614 1231 1680 'lheodnlns
1255 1613 1309 1677 sed
1322 1610 1498 1677 coniectare

339 1713 452 1796 synodo
478 1713 599 1780 deomta
625 1716 663 1780 ad
689 1717 907 1799 imperatorem
932 1718 1062 1802 legatio,
1085 1736 1163 1800 quae
1177 1718 1266 1800 gesta
1278 1715 1457 1780 insinuaret.

338 1815 477 1880 damnati
492 1835 610 1899 quoque
625 1819 664 1883 ad
678 1837 782 1902 regem
797 1819 941 1902 profecti,
964 1822 1041 1886 satis
1066 1821 1138 1884 lreti
1165 1819 1315 1884 sooiomm
1339 1817 1459 1881 uiribus

338 1920 371 1983 et
385 1919 531 2002 principis
546 1922 701 1986 societate.

287 2015 328 2079 43
381 2020 503 2086 Interea
524 2022 642 2106 legatos
664 2025 869 2092 ariminensis
891 2027 1011 2093 oonoilii
1033 2047 1069 2091 er
1082 2029 1172 2109 parte
1185 2026 1359 2090 nostrorum
1372 2041 1458 2088 eom

338 2123 427 2205 pellit
441 2124 609 2208 imperator
622 2129 702 2193 uniri
718 2129 941 2196 haereticorum
954 2129 1175 2195 communioni:
1198 2129 1372 2208 eisdemque
1385 2143 1457 2191 oon·
1465 2149 1494 2188 ra

338 2227 485 2308 scriptam
501 2227 539 2292 ab
554 2230 702 2313 improbis
717 2232 809 2298 fidem
824 2234 936 2312 tradit,
959 2233 1060 2298 uerbis
1080 2231 1260 2298 fallentibus
1273 2229 1456 2307 inuolutam,
1512 2287 1516 2291 ,

309 2333 415 2410 2quae
430 2330 612 2397 catholicam
628 2333 821 2417 disciplinam
835 2335 964 2419 pertidia
982 2336 1099 2401 latente
1120 2335 1302 2417 loqueretur.
1325 2351 1458 2414 namque

337 2432 422 2496 usiae
436 2433 565 2498 uerbum
579 2437 740 2517 tamquam
755 2437 936 2522 ambiguum
951 2441 983 2503 et
996 2441 1112 2504 tornare
1133 2457 1152 2502 a
1173 2437 1313 2521 patribus
1327 2453 1457 2518 marpa-

337 2535 422 2610 tum,
444 2553 541 2616 neque
566 2555 602 2602 er
626 2541 810 2605 auctoritate
835 2542 1057 2624 scripturarum
1071 2541 1257 2625 profectum,
1279 2539 1337 2604 sub
1356 2538 1457 2621 specie
1484 2621 1487 2629 μ

337 2633 434 2700 falsae
459 2638 588 2704 rationis
610 2640 765 2720 abolebat,
788 2663 825 2708 ne
850 2645 942 2708 unius
967 2663 1037 2709 enm
1062 2647 1150 2728 patre
1169 2643 1360 2710 snbstantias
1372 2640 1493 2704 filiusro

338 2738 519 2804 eraderetur.
543 2743 649 2808 eadem
663 2744 739 2810 fides
754 2745 888 2811 similam
902 2749 985 2831 patri
998 2748 1099 2812 filium
1114 2747 1278 2812 fatebatur.
1301 2744 1354 2810 sed
1374 2744 1456 2808 inte·

337 2841 401 2906 rius
426 2843 533 2908 aderat
558 2844 642 2912 fraus
668 2853 793 2931 parata,
816 2853 852 2914 ut
877 2854 958 2916 esset
982 2851 1112 2929 similia,
1134 2871 1194 2916 non
1208 2851 1290 2914 esset
1308 2844 1454 2929 canaba.

308 2943 383 3009 3ita
397 2944 533 3012 dimissis
559 2948 670 3033 legatis
695 2952 849 3035 praelecto
873 2955 1070 3032 mandatum,
1093 2956 1129 3018 ut
1143 2953 1292 3038 synodum
1305 2969 1365 3016 non
1384 2949 1457 3014 anto

337 3045 469 3126 laxaret,
486 3069 578 3131 quam
593 3055 781 3137 mnsariptae
795 3055 867 3122 fidei
882 3059 1050 3123 consentire
1064 3076 1098 3121 se
1108 3075 1212 3122 ornnes
1222 3052 1455 3136 subscriptioni·

264 3226 267 3232 Ι
336 3147 394 3213 bus
409 3151 640 3232 profiterentur:
664 3175 699 3221 ao
714 3159 740 3222 si
756 3160 809 3240 qui
823 3161 1009 3243 pertinacius
1023 3161 1220 3237 obsisterent,
1241 3156 1407 3222 dummodo
1426 3155 1490 3218 isa

306 3259 480 3318 enumeras
495 3255 577 3320 iutra
591 3259 764 3338 quindecim
779 3266 875 3342 esset,
903 3265 936 3328 in
961 3263 1088 3328 exilium
1111 3263 1305 3345 pellerentur.
1328 3259 1382 3323 sed
1406 3275 1455 3320 re-

335 3355 448 3437 gffflflii
469 3357 596 3442 legatis,
632 3359 706 3426 lieet
727 3363 793 3438 uim
815 3367 932 3450 regiam
954 3366 1201 3449 deprecantibus,
1237 3366 1350 3448 negata
1370 3379 1454 3426 oom-

336 3459 449 3523 munio.
473 3461 627 3528 enimuero
650 3468 814 3548 compertis
836 3487 914 3550 qnae
934 3470 1057 3534 decreta
1078 3471 1165 3534 erant
1185 3467 1284 3533 maior
1304 3485 1407 3531 rerum
1420 3467 1453 3529 et

335 3561 529 3628 oonsiliouam
565 3569 777 3649 perturbatio:
815 3572 885 3636 dein
920 3573 1070 3656 paulatim
1104 3572 1241 3655 plerique
1268 3572 1453 3647 nostrorum,

334 3665 450 3744 partim
485 3667 700 3737 imbecillitate
740 3675 876 3758 ingenii,
918 3677 1032 3758 partim
1066 3675 1168 3741 taedio
1202 3670 1490 3757 peregrinationes

334 3767 438 3847 euieti,
468 3769 577 3836 dedere
599 3793 631 3838 se
653 3775 853 3855 aduersariis,
876 3779 939 3844 iam
960 3781 1031 3861 post
1052 3777 1187 3844 reditum
1207 3777 1380 3860 legatorum
1401 3793 1454 3840 su·

333 3871 503 3950 parionibus
526 3877 557 3940 et
572 3877 732 3943 ecclesiam
756 3881 869 3945 nostris
894 3881 965 3945 inde
985 3881 1118 3946 detrusis
1138 3879 1360 3963 optinentibus:
1388 3877 1453 3943 iac-

334 3973 426 4054 taque
448 3977 543 4042 semel
563 3978 758 4046 inclinatione
780 3983 952 4049 aninorum
974 3985 1157 4049 cateruatim
1177 3984 1209 4048 in
1232 3983 1352 4066 partem
1374 3982 1453 4046 alte-

387 4218 557 4302 2triofiymd
581 4236 609 4290 P
691 4239 711 4294 4
737 4238 811 4293 nicea
838 4241 866 4295 P
961 4241 1135 4300 babmlutus
1164 4239 1191 4294 J.
1226 4239 1253 4294 0.
1284 4239 1452 4306 Hosmoiatcr

384 4313 402 4370 7
420 4319 595 4390 conscilioque
608 4323 648 4392 P;
667 4339 700 4379 ar
712 4325 894 4395 conulioque?
913 4329 917 4337 ’
955 4327 994 4383 10
1009 4327 1154 4380 Leontinus
1171 4325 1329 4380 Golcsinius
1351 4328 1363 4393 ΙΙ
1387 4339 1452 4378 aua·

332 4399 407 4469 grius
424 4403 561 4461 theodolus
579 4410 607 4464 P
663 4413 697 4469 11
717 4413 873 4481 insynuaret
890 4415 918 4468 P
978 4411 1218 4469 12atisoroci1³
1277 4410 1450 4473 asenario:

332 4488 407 4545 unire
420 4487 448 4542 P
469 4493 480 4559 ΙΙ
503 4498 650 4567 conscripta
668 4500 696 4554 P
747 4499 783 4556 16
801 4499 1000 4555 sallantibusP
1050 4499 1307 4568 reprensuros>
