3300 5142
354 522 420 587 244
820 517 999 586 Appendix.

353 680 427 737 mele
442 679 568 739 redoleat
581 670 665 739 odore
680 678 805 752 peccati,
830 681 976 752 unguento
992 677 1161 736 suauissima
1177 676 1334 750 sapientiae
1349 678 1379 734 et
1393 675 1484 734 scien

352 782 410 841 tiae
423 782 625 856 perfundatur.

305 892 344 946 14
395 885 565 944 Huiusmodi
590 885 666 942 Deus
691 883 804 956 quaerit
824 885 956 942 ornatum
979 885 1008 942 et
1029 883 1152 942 animam
1172 883 1271 941 taliter
1291 882 1473 954 compositam

353 988 535 1060 concupiscit.
559 987 699 1044 memento
724 989 753 1044 te
768 986 820 1044 Dei
836 985 925 1044 filiam
949 985 1019 1056 dici,
1043 987 1196 1044 secundum
1211 986 1286 1059 quod
1301 985 1357 1042 ait:
1382 984 1482 1050 audi.

353 1089 456 1160 filia,
479 1092 514 1148 et
536 1089 630 1147 uide.
653 1090 702 1146 sed
716 1090 745 1147 et
760 1090 792 1146 tu
807 1089 885 1162 ipsa,
909 1088 1160 1162 quotienscumque
1189 1089 1280 1146 Deum
1299 1090 1408 1160 patrem
1431 1104 1483 1144 uo·
1505 1107 1518 1146 a

354 1193 459 1262 minas,
484 1192 535 1250 Dei
550 1195 578 1249 ts
593 1191 682 1250 liliam
698 1207 758 1249 esse
773 1191 899 1250 testaris.
922 1207 988 1265 ergo
1014 1191 1039 1250 si
1065 1191 1117 1248 Dei
1133 1191 1193 1250 lilia
1208 1207 1256 1262 es,
1280 1191 1345 1248 uide
1361 1190 1479 1264 nequid

354 1313 449 1355 eorum
472 1294 576 1366 facias,
603 1311 675 1368 quaa
696 1295 754 1352 Deo
779 1293 856 1367 patri
878 1293 1033 1368 incongrua
1057 1297 1138 1366 sunt,
1162 1295 1211 1352 sed
1227 1309 1279 1368 aga
1294 1293 1388 1352 omnia
1402 1293 1484 1366 quasi

353 1397 415 1457 filia
439 1397 500 1455 Doi.
524 1413 658 1471 cognosco
673 1397 810 1470 quomodo
824 1397 911 1455 huius
926 1397 1032 1454 saecrssi
1054 1395 1192 1455 nobilium
1217 1395 1293 1454 filiae
1317 1412 1346 1454 sa
1373 1397 1482 1468 garant.

351 1603 520 1676 quibusdam
535 1601 705 1662 uerecundia
719 1604 778 1672 est,
801 1603 884 1660 tanta
899 1601 1046 1675 manitas,
1069 1604 1153 1660 tanta
1179 1601 1334 1672 modestia,
1358 1605 1391 1658 ut
1406 1602 1480 1658 cete-
1491 1617 1516 1656 rc

351 1722 445 1764 rorum
460 1705 606 1764 hominum
621 1705 709 1762 ritum
724 1704 833 1762 intuitu
848 1705 988 1763 humanae
1009 1704 1197 1778 ingenuitatis
1218 1705 1369 1772 excecant,
1393 1707 1422 1760 et
1444 1718 1480 1760 nc

351 1825 435 1882 quem
451 1808 578 1867 honestis
592 1807 759 1881 parentibus
779 1807 839 1866 suis
854 1808 1031 1880 perlapsum
1046 1825 1129 1866 suum
1145 1806 1279 1866 infamiae
1294 1806 1410 1864 inurant
1425 1821 1477 1864 uo-

350 1915 427 1982 tam,
451 1911 571 1968 alteram
587 1910 642 1968 sibi
657 1910 777 1983 quodam
791 1911 874 1968 modo
888 1910 964 1968 inter
974 1911 1102 1969 homines
1117 1909 1329 1970 consuetudinis
1345 1909 1477 1968 studeant

350 2013 443 2071 facere
457 2015 599 2070 naturam.
622 2015 652 2070 et
666 2014 699 2070 tu
713 2027 779 2086 ergo
795 2012 932 2085 originem
948 2015 1027 2070 tuam
1043 2013 1158 2086 respice,
1174 2010 1400 2092 genusssintuara
1417 2011 1479 2085 glo·

350 2116 422 2174 ram
444 2114 604 2174 nobilitatis
625 2115 750 2173 aduerte.
773 2131 893 2188 agnosce
908 2117 936 2172 te
951 2133 1007 2174 non
1022 2115 1145 2174 hominis
1159 2117 1287 2184 tantum,
1311 2115 1360 2172 sed
1377 2115 1473 2172 oillei
1492 2132 1514 2169 ιι

350 2218 438 2276 liliam
459 2220 488 2276 et
502 2217 617 2276 diuinae
631 2217 795 2275 natiuitatis
809 2217 961 2275 nobilitata
976 2219 1145 2276 decoratam.
1170 2217 1211 2276 ita
1225 2221 1254 2276 te
1269 2217 1379 2283 exhibe,
1396 2220 1428 2274 ιιι
1445 2216 1474 2274 in

352 2325 381 2379 te
396 2320 527 2379 caelestis
541 2319 680 2378 natiuitas
695 2321 831 2392 appareat
846 2322 875 2378 et
890 2320 1052 2394 ingenuitas
1067 2321 1165 2380 diuina
1180 2321 1327 2379 clarescat.
1339 2319 1389 2396 ¹'sit
1405 2319 1435 2377 in
1452 2321 1480 2376 te

353 2440 428 2482 noua
441 2422 586 2496 munitas,
609 2423 743 2480 honestas
757 2422 954 2494 admirabilis,
979 2425 1119 2496 stupenda
1134 2423 1317 2494 uerecundia,
1341 2422 1415 2480 mira
1429 2439 1481 2494 pa-

355 2526 473 2596 tientia,
497 2525 650 2598 uirginalis
664 2525 791 2583 incessus
806 2527 836 2583 et
850 2541 933 2584 uerae
947 2526 1099 2599 pudicitiae
1114 2526 1245 2595 habitus,
1262 2541 1352 2584 sermo
1368 2541 1479 2598 semper

357 2628 502 2686 modestus
527 2630 556 2687 et
576 2645 626 2686 suo
641 2627 672 2685 in
687 2631 811 2700 tempora
827 2627 1024 2700 proferendus,
1048 2631 1081 2686 ιιι
1096 2628 1226 2702 quisquis
1241 2630 1269 2686 te
1284 2627 1407 2698 uiderit,
1430 2628 1481 2685 ad·
1492 2645 1516 2685 ec

358 2731 477 2788 miretur
492 2733 520 2788 et
535 2731 627 2788 dicat:
650 2718 734 2805 ‘quae
754 2732 823 2790 haec
838 2747 927 2790 nouae
942 2731 1017 2790 inter
1032 2731 1159 2790 homines
1173 2731 1327 2806 grammis
1343 2729 1481 2804 patientia

358 2829 422 2892 est?
444 2849 517 2906 quae
531 2832 646 2905 pudoris
660 2833 842 2906 uerecundia,
866 2850 937 2908 quae
953 2835 1111 2894 honestatis
1124 2835 1278 2905 modestia,
1301 2850 1374 2908 quas
1389 2837 1482 2891 matu-

357 2936 430 2994 ritas
455 2933 633 3008 sapientiae?
655 2953 712 2995 uon
735 2938 779 2995 est
804 2937 862 2994 iata
876 2937 1000 2996 humana
1015 2938 1160 2998 institutio
1175 2955 1227 2996 nec
1241 2937 1392 3008 disciplina
1407 2953 1481 2993 uror-

356 3039 434 3098 talis.
458 3039 578 3098 caeleste
594 3039 664 3098 mihi
678 3040 789 3113 aliquid
804 3040 834 3098 in
850 3041 961 3099 terreum
977 3058 1090 3114 corpore
1105 3041 1221 3100 redolet.
1245 3041 1314 3112 puto
1334 3039 1409 3112 quod
1430 3037 1482 3096 ha·

458 3204 486 3267 4,
503 3204 547 3257 Pa.
566 3203 613 3266 44,
635 3205 680 3261 11.

410 3359 425 3414 1
445 3357 514 3412 malo
530 3359 556 3411 V
570 3364 596 3412 et
607 3357 648 3412 ed.
665 3358 735 3412 Vall.
759 3360 771 3426 ΙΙ
793 3359 952 3414 suauissima
975 3361 1037 3416 CV:
1055 3361 1230 3415 saeuissimae
1247 3360 1291 3416 Ro
1370 3361 1387 3416 3
1406 3375 1480 3413 orna·

357 3446 476 3497 mentum
491 3445 518 3497 V
565 3442 585 3498 4
602 3443 671 3511 quod
682 3444 723 3497 ait
734 3444 828 3499 ARV:
841 3444 909 3499 illud
926 3447 948 3501 0
1007 3446 1025 3503 6
1042 3446 1154 3502 illiadei
1169 3447 1221 3502 OV
1271 3446 1374 3516 lpetri
1385 3445 1478 3500 ARV:

357 3545 406 3582 om.
424 3529 447 3583 O
467 3530 478 3594 ΙΙ
501 3529 558 3582 sint
572 3529 629 3584 011
675 3529 694 3585 8
712 3545 952 3601 cognosce-ergo
969 3533 1008 3600 (a.
1027 3534 1073 3600 14)
1091 3549 1140 3587 cm.
1154 3534 1181 3587 A
1204 3536 1216 3602 ΙΙ
1239 3533 1311 3588 filiae
1333 3551 1360 3587 so
1382 3533 1479 3588 nobili·

357 3618 415 3668 tum
428 3615 491 3682 (eie)
507 3615 534 3667 V
550 3615 563 3681 ΙΙ
586 3616 725 3678 saccali,
749 3616 1050 3672 Oactesaeculibabct
1119 3619 1137 3676 9
1156 3636 1184 3673 se
1196 3635 1245 3673 om.
1263 3620 1289 3674 V
1308 3623 1319 3686 ΙΙ
1344 3622 1371 3674 in
1384 3639 1431 3674 om.
1453 3621 1480 3675 R

410 3700 446 3756 11
463 3715 496 3753 ne
508 3715 588 3768 quam
598 3700 666 3755 BV:
683 3717 850 3770 nequaquam
866 3703 889 3758 0
942 3705 978 3760 12
995 3721 1042 3774 par
1054 3705 1194 3758 lasciuiam
1215 3706 1341 3760 infamiae
1359 3708 1384 3760 V
1403 3713 1414 3774 ll
1437 3707 1479 3762 in·

356 3785 453 3840 lamiae
464 3801 512 3839 ora.
526 3784 553 3840 R
568 3786 581 3854 ΙΙ
602 3788 694 3840 notam
706 3787 814 3842 inurant
829 3789 853 3843 G
904 3790 940 3846 13
959 3790 1084 3844 studeant
1096 3791 1181 3845 facere
1194 3791 1232 3845 R:
1252 3792 1336 3846 fecere
1349 3793 1388 3847 cd.
1405 3794 1473 3848 Vult.

357 3877 383 3924 et
398 3872 435 3938 V,
452 3871 580 3924 facientes
603 3870 626 3926 0
677 3871 714 3928 14
732 3877 760 3927 et
779 3877 811 3929 tu
831 3874 934 3944 origine
955 3878 1003 3929 tua
1020 3879 1047 3929 te
1071 3877 1146 3930 crede
1167 3893 1218 3931 non
1240 3877 1355 3932 bominis
1371 3883 1478 3934 tanturn

357 3956 606 4011 caedibmiaeicV
657 3958 694 4017 15
711 3975 762 4013 nou
774 3959 891 4014 hominis
912 3964 1017 4014 tanturn
1034 3963 1150 4030 (tantm
1162 3977 1219 4015 esse
1235 3963 1479 4032 C)sed——deocra·

357 4045 413 4094 tarn
429 4041 490 4096 CV:
507 4058 558 4096 non
570 4041 687 4097 hominis
698 4045 744 4098 aad
756 4045 807 4098 Dei
818 4044 945 4099 flliam—
955 4046 1105 4101 decoratam
1126 4049 1168 4110 H,
1187 4064 1238 4102 non
1260 4049 1411 4104 homiuibus
1431 4050 1479 4104 sed

357 4127 494 4194 et(etom.
508 4127 600 4198 Apdei
617 4128 772 4183 diuinitatis
792 4131 935 4185 nobilitate
948 4132 1097 4187 decoratam
1118 4133 1173 4189 AR
1244 4134 1279 4190 17
1298 4139 1424 4204 appareat
1435 4137 1477 4190 ed.

362 4213 466 4268 Vellet
479 4214 516 4268 V:
538 4205 583 4268 sca
593 4218 686 4283 pareat
705 4215 740 4282 R,
753 4219 846 4284 pareat
863 4217 959 4285 ΑΘΗ,
978 4221 1069 4288 pateat
1082 4220 1097 4273 b
1121 4223 1133 4288 {l
1156 4222 1184 4274 et
1195 4220 1236 4274 R:
1255 4221 1363 4284 utAV,
1377 4223 1442 4274 atut
1457 4223 1481 4278 C

411 4298 446 4355 19
464 4314 525 4353 uere
536 4299 594 4354 RV
606 4301 618 4367 ΙΙ
634 4299 743 4354 habitus
756 4303 784 4354 et
795 4317 880 4355 sermo
892 4302 947 4356 AR
992 4305 1032 4360 20
1043 4305 1155 4374 quisque
1166 4305 1194 4360 R
1240 4306 1277 4362 21
1290 4321 1373 4360 nouae
1382 4307 1477 4362 ARV:

358 4384 463 4438 nouaG
512 4385 550 4442 23
568 4385 715 4454 sapientiae
727 4386 819 4441 ARV:
833 4403 881 4440 om.
897 4388 921 4442 0
938 4391 950 4458 ΙΙ
972 4389 1141 4446 institutione
1154 4391 1336 4462 disciplinaR
1388 4393 1479 4450 24re·

358 4469 430 4524 dolet
441 4469 534 4525 ARV:
552 4470 669 4540 refulget
684 4472 707 4526 G
727 4473 739 4539 11
762 4474 827 4540 puto
839 4473 908 4528 enim
922 4475 990 4544 quod
1003 4475 1111 4530 habitat
1123 4479 1150 4532 A
