3300 5142
1250 533 1325 588 XXV

193 685 439 762 ministrorum
457 689 598 764 daumio
622 715 753 764 nouem
780 690 911 787 (immo
932 704 1118 780 αοαανααί,
1143 703 1185 763 ut
1207 702 1264 765 est
1285 693 1324 766 in

196 806 306 904 coa).
333 817 436 881 totus
458 809 563 882 locus
587 820 788 906 corruptus
810 819 882 898 est,
910 833 995 882 cum
1017 812 1201 908 scriptura
1230 835 1324 908 repe-

194 927 303 1003 ατατῖι
324 928 401 1002 leui
422 930 515 1003 uitio
538 929 674 1004 abisset
697 933 734 1004 in
754 927 942 1029 reperiar-u.
966 932 1066 1005 iniis
1085 942 1209 1006 autem
1228 955 1324 1029 quae

196 1059 406 1145 sequuntur
428 1050 565 1124 codicis
589 1053 742 1151 uestigia
764 1057 917 1152 propius
940 1055 1056 1128 secuti
1088 1054 1323 1152 scripsimus:

195 1170 260 1242 deo
282 1169 427 1243 indiciis
449 1195 537 1268 opus
558 1197 632 1245 aon
662 1184 731 1246 cst.-
755 1199 830 1247 ααα
865 1175 958 1248 euim
992 1177 1103 1250 solum
1136 1174 1176 1248 iu
1216 1173 1326 1248 ocab's

196 1289 270 1365 aaa
299 1291 362 1364 sed
394 1290 434 1363 ia
468 1291 549 1364 αἀα
582 1292 758 1382 aruinam
784 1293 977 1368 Parisinus
1000 1297 1097 1368 enim
1121 1295 1172 1367 sic
1193 1293 1325 1368 habet:

194 1433 269 1481 αοα
290 1409 330 1482 in
350 1411 464 1484 solum
486 1412 596 1485 cardia
617 1413 690 1486 caiis
711 1417 773 1487 scd
792 1413 832 1487 ira
852 1415 893 1488 iu
920 1414 1096 1512 (alterum
1117 1414 1157 1488 ia
1179 1439 1327 1488 erasum

197 1530 270 1627 est)
292 1529 374 1603 unu
398 1531 563 1606 uiuimus.
631 1600 632 1603 ,

247 1649 403 1723 Initium
418 1652 548 1750 capitis
564 1656 612 1726 34
626 1653 888 1728 difficillimum
898 1653 1006 1727 nobis
1019 1679 1096 1726 non
1110 1654 1227 1749 magis
1240 1678 1324 1725 con-

195 1770 282 1868 tigit
315 1781 359 1844 ui
393 1773 678 1846 emendaremus
714 1800 826 1872 quam
857 1800 916 1847 res
945 1775 1105 1847 feliciter
1134 1770 1325 1870 prioribus

189 1903 375 1982 *cesserat3
408 1892 474 1966 sed
509 1893 550 1966 in
584 1893 709 1967 uerbis
744 1920 820 1967 non
856 1897 980 1968 minus
1016 1895 1202 1984 obscuris,
1230 1915 1325 1990 quae

195 2013 310 2110 paulo
344 2025 432 2112 post
461 2026 672 2112 sequuntur
700 2010 789 2114 ‘pura
810 2017 953 2113 ipoorct
986 2015 1107 2089 omniu
1138 2039 1226 2113 priua
1248 2024 1328 2086 orto

196 2145 277 2205 auat
299 2134 476 2224 occidere,
502 2135 713 2233 quaefacta
734 2149 815 2209 εααε
840 2136 1010 2210 interire?
1036 2136 1171 2209 ruciam
1193 2159 1326 2232 quoquc

197 2276 276 2325 cum
295 2252 454 2328 omnibus
475 2280 564 2352 quac
590 2258 685 2329 caclo
708 2257 931 2331 cantabantur
951 2256 1003 2330 itu
1023 2268 1062 2329 ut
1089 2255 1241 2353 coepisse
1268 2256 1327 2327 dc·

195 2372 310 2447 sirim
322 2375 484 2470 fontium
505 2376 618 2450 draicis
640 2402 734 2474 aquo
763 2377 883 2450 muria
910 2378 1046 2451 nutrire
1074 2376 1115 2448 iu
1135 2376 1210 2448 uim
1232 2374 1326 2472 aprus

197 2492 374 2602 abiturum
387 2492 518 2570 Stoicis
534 2509 699 2570 coriatam
714 2497 837 2594 opibio
853 2487 910 2571 esi
925 2505 1076 2594 praesto
1093 2503 1174 2568 crat
1188 2496 1323 2566 acutis·

199 2615 294 2687 sima
306 2614 545 2689 Dombarti
560 2619 785 2690 coniectura:
802 2619 937 2692 coelum
953 2641 1085 2716 quoquc
1101 2641 1181 2689 cum
1197 2641 1227 2691 ο.
1238 2639 1326 2713 pauc

200 2759 230 2808 c.
253 2736 493 2826 coartamur,
521 2738 574 2811 ita
595 2751 634 2811 nt
656 2738 787 2835 coepit,
815 2739 850 2812 si
869 2738 1008 2812 desierit
1029 2736 1191 2833 sontibus
1214 2734 1327 2808 dulcis

199 2881 295 2954 aprio
306 2857 425 2930 mama
436 2858 583 2948 nutrire,
600 2859 640 2931 io
649 2857 724 2932 urin
734 2859 828 2956 ipris
839 2856 1016 2932 chriarum
1031 2860 1095 2956 (sc.
1108 2858 1193 2950 cese)
1201 2851 1331 2929 Stoicis

197 2989 363 3050 conatam
386 2977 508 3074 apricio
526 2990 594 3051 est:
619 2979 657 3050 in
676 3003 751 3075 qua
769 2978 1028 3052 emendatione
1051 2979 1080 3049 si
1104 3002 1179 3048 non
1204 2975 1329 3047 omnia

197 3098 313 3170 uerba
334 3101 514 3195 praestari
536 3109 710 3195 possunt,
735 3100 854 3171 multo
874 3098 1004 3170 saltem
1022 3096 1255 3194 probabilior
1273 3095 1328 3167 ui·

197 3217 349 3292 debit-ur
385 3242 497 3315 quam
531 3229 741 3291 commenta
772 3221 819 3291 ab
855 3219 938 3291 aliis
961 3218 1083 3290 adhuc
1105 3216 1327 3314 excogitata.

198 3339 246 3413 ob
269 3337 397 3411 oculos
426 3348 551 3411 autem
579 3339 710 3411 habuit
731 3338 919 3412 Minucius
942 3338 1042 3410 hunc
1071 3334 1259 3411 Ciceronis
1283 3335 1329 3409 de

197 3459 295 3533 deor.
319 3468 393 3532 nab
416 3460 540 3532 locum
562 3459 609 3547 ΙΙ,
634 3459 653 3559 ξ
680 3463 771 3532 118:
800 3484 843 3532 ea*
874 3484 941 3557 quo
977 3470 1181 3532 euenturum
1215 3456 1332 3530 nostri

198 3578 340 3680 (Stoici)
357 3592 521 3678 putant..
543 3591 583 3652 ut
605 3582 654 3652 ad
674 3591 867 3653 extremum
890 3579 1005 3652 omnis
1034 3581 1185 3652 muudus
1215 3578 1327 3674 ipocr-

198 3712 304 3790 caret,
332 3725 413 3774 cum
433 3724 555 3773 umore
578 3712 915 3797 consumptumque
941 3711 1037 3772 terra
1063 3699 1116 3773 aii
1128 3709 1248 3796 posset
1267 3721 1328 3770 nc·

196 3845 261 3919 pue
285 3833 456 3895 rcrneurct
482 3845 563 3911 aer,
592 3821 692 3895 cuciis
718 3832 814 3894 ortus
840 3844 935 3916 apua
957 3819 1057 3893 omui
1072 3817 1240 3893 arbocala
1258 3841 1329 3891 csse

196 3965 272 4014 non
290 3954 419 4038 posset.

251 4059 339 4160 Gap.
363 4063 423 4146 38,
449 4065 470 4135 2
493 4063 614 4160 gratia
634 4060 807 4135 habenda
825 4071 881 4133 est
900 4063 943 4132 A.
962 4057 1253 4134 Laubmanni
1276 4056 1328 4129 di-

195 4181 389 4281 ligentiae,
416 4183 482 4280 qui
504 4183 644 4281 primus
667 4182 763 4255 uidit
784 4183 950 4281 ineptam
972 4180 1170 4254 lectionem
1188 4171 1328 4252 ‘aarum

196 4298 308 4376 boni
322 4303 430 4399 floris
455 4301 602 4376 naribus
628 4303 771 4392 duom,
797 4325 872 4375 aon
890 4300 1055 4398 occipitio
1073 4300 1254 4399 capilliaco
1271 4325 1328 4373 so-

196 4423 305 4497 lemus
330 4415 480 4499 hauriri
504 4425 544 4497 in
568 4424 694 4497 codice
716 4449 791 4496 non
821 4447 902 4496 esse
932 4423 1150 4520 genuinam,
1180 4420 1245 4494 sed
1274 4445 1328 4494 se·

1074 4539 1115 4578 Η
