3300 5142
1216 557 1294 610 XVII

165 717 304 791 menti
323 716 509 822 diuinae
531 715 734 790 tribuens
751 714 1068 814 principatum.
1087 712 1294 787 Heraclides

158 837 327 937 ponticus
349 861 481 935 quoque
503 839 567 911 cleo
590 836 752 911 diurnam
769 848 919 910 mentem
936 833 1096 934 quamuis
1108 833 1209 907 uan'e
1227 835 1291 907 ael-

164 955 294 1031 scribit.
327 954 585 1054 Theophrastus
607 970 638 1030 et
659 954 783 1030 Zenon
804 969 837 1030 et
863 953 1079 1056 Chrysippus
1108 966 1140 1027 et
1166 951 1291 1028 Clean·

165 1075 237 1151 thes
257 1088 337 1150 sunt
366 1075 496 1174 stipsi
522 1077 771 1173 multiformes,
808 1078 870 1151 secl
895 1077 944 1150 acl
968 1075 1139 1148 unitatem
1161 1073 1291 1172 proui-

165 1195 303 1270 dentiae
325 1221 444 1270 omnes
471 1198 709 1272 reuoluuntur.
751 1199 847 1271 hunc
873 1196 993 1270 locum
1021 1219 1131 1292 graue
1157 1193 1291 1266 uitium

164 1315 319 1390 traxisse
346 1316 461 1390 cuiuis
496 1316 654 1390 intuenti
690 1319 809 1417 primo
842 1327 989 1416 aspectu
1015 1314 1117 1388 facile
1143 1339 1291 1413 appare-

166 1435 234 1525 bit,
262 1436 326 1509 sed
352 1432 441 1509 illud
469 1462 609 1510 comma
634 1432 805 1512 ‘aristoles
823 1437 1115 1536 pontr'mcs--
1137 1432 1289 1508 tribuens

157 1547 413 1655 punctpatam’
433 1582 529 1648 non,
547 1567 590 1630 ut
607 1557 788 1656 plerisque
806 1582 891 1630 cum
906 1556 1063 1630 Heraldo
1081 1566 1117 1628 et
1132 1553 1291 1628 Meursio

165 1677 283 1750 uisum
311 1687 383 1767 est,
414 1676 511 1750 uelut
537 1676 716 1775 glossema
743 1677 1016 1777 expellendum,
1044 1676 1109 1749 sed
1127 1701 1193 1749 suo
1211 1674 1292 1747 loco

164 1807 305 1870 motum
328 1823 407 1870 esse
430 1808 556 1870 nostra
578 1798 728 1871 demum
751 1810 869 1871 aetate
892 1797 930 1872 Ο.
946 1797 1124 1871 Roeren
1152 1795 1189 1868 in
1222 1795 1292 1867 Mi·

163 1916 327 1990 nucianis
355 1915 525 1990 Coloniae
551 1943 580 1990 a.
612 1921 708 1991 1859
738 1918 846 1991 editis
873 1928 971 1992 recte
998 1918 1192 2015 perspexit.
1219 1914 1290 1988 hoc

163 2048 312 2137 apparet
345 2064 391 2110 ex
428 2035 613 2111 Ciceronis
646 2038 727 2111 loco
754 2065 864 2136 quem
891 2037 1071 2111 Minucius
1098 2035 1289 2135 expressit,

162 2157 208 2230 de
235 2156 386 2231 deorum
414 2170 486 2230 nat.
514 2158 543 2248 l,
572 2160 596 2253 ξ
627 2161 694 2232 35:
733 2156 811 2232 Nec
845 2185 929 2232 uero
969 2155 1203 2255 Theophrasti
1234 2157 1291 2230 in-

162 2277 363 2351 constantia
379 2278 535 2374 serenda
561 2291 630 2352 est:
655 2281 761 2352 modo
788 2279 882 2352 enim
908 2279 1019 2352 menti
1043 2278 1204 2352 drinaum
1227 2277 1292 2350 tri·

163 2396 235 2470 huit
252 2397 518 2496 principatum,
544 2402 650 2473 modo
677 2401 793 2490 caelo,
820 2411 894 2473 tum
922 2412 1037 2474 autem
1063 2398 1173 2494 sipnis
1199 2397 1293 2471 side-

161 2515 322 2616 m'husque
363 2517 571 2592 caelestibus.
614 2520 899 2618 disputationem
932 2531 1051 2592 autem
1078 2518 1226 2591 Minucii
1252 2519 1291 2590 in

162 2636 316 2711 lectione
343 2638 491 2736 uulgari
517 2665 592 2711 non
619 2640 798 2737 integram
827 2665 906 2714 esse
934 2639 990 2713 uel
1017 2639 1103 2712 hinc
1129 2638 1290 2735 intellegi

163 2768 322 2857 poterat,
351 2759 451 2856 quod
476 2770 561 2857 post
586 2759 646 2831 illa
673 2758 783 2833 uerba
807 2754 1083 2858 ‘Theophrastus
1109 2772 1140 2834 et
1166 2757 1291 2832 Zenon

162 2890 194 2952 et
224 2875 439 2978 Chrysippus
472 2891 503 2952 et
533 2876 714 2953 Cleanthes
752 2893 833 2954 sunt
873 2892 904 2955 et
942 2880 1015 2978 ipsi
1051 2877 1289 2977 multiformes²

161 2997 274 3071 trium
315 2999 560 3097 posteriorum
588 2999 890 3099 philosophorum
926 2999 1124 3074 sententiae
1151 3000 1195 3071 de
1223 2999 1294 3070 deo

162 3118 378 3192 nominatim
401 3120 642 3207 adferuntur,
665 3120 907 3219 Theophrasti
930 3121 1041 3194 solius
1064 3119 1293 3219 praetermit-

162 3238 269 3329 titur,
314 3250 357 3311 ut
393 3240 495 3337 quasi
531 3239 770 3314 inhonoratus
798 3240 968 3314 dimissus
997 3265 1075 3314 esse
1117 3239 1293 3312 uideatur.

160 3357 251 3432 illud
278 3385 422 3457 quoque
448 3359 485 3432 in
515 3360 662 3458 uulgata
701 3361 855 3435 lectione
896 3360 1133 3434 offensionem
1171 3357 1289 3447 habet,

161 3480 260 3577 quod
286 3479 556 3578 Theophrastus
597 3507 678 3553 cnm
719 3480 867 3572 Stoicis,
910 3482 954 3555 de
990 3479 1122 3580 quibus
1164 3479 1292 3553 Cicero

164 3597 185 3672 h
214 3623 242 3670 e
276 3597 362 3672 inde
394 3626 416 3671 a
454 3603 474 3692 ξ
503 3602 549 3672 36
578 3601 726 3700 proprie
765 3600 858 3699 agit,
900 3614 943 3674 ut
977 3602 1139 3675 eiusdem
1172 3610 1291 3674 sectae

163 3719 401 3820 philosophus
436 3746 510 3794 uno
545 3731 672 3795 tenore
714 3722 957 3820 coniungitur.
1004 3749 1069 3796 nec
1102 3717 1290 3795 tamenO.

159 3841 301 3915 Roeren
341 3840 410 3914 loci
454 3842 633 3914 emendat
608 3853 746 3916 tionem
790 3868 1061 3918 consummasse
1106 3841 1319 3941 putandus
1430 3843 1432 3847 ’

160 3972 239 4050 est,
267 3986 350 4034 cum
377 3962 429 4034 sic
456 3987 539 4035 eum
566 3961 803 4036 scribendum
831 3989 909 4037 esse
936 3964 1141 4064 proposuit:
1111 3959 1291 4035 t-Theo

154 4079 323 4178 phrastus
348 4081 485 4171 uariat,
514 4082 606 4155 alias
629 4084 778 4173 mundo,
806 4084 898 4158 alias
926 4084 1036 4158 menti
1060 4081 1138 4156 diiu
1135 4106 1203 4155 nae
1225 4081 1289 4155 tri-

160 4199 265 4274 buens
277 4201 526 4300 principatum
544 4214 575 4275 et
589 4199 714 4277 Zenon
731 4213 798 4277 ete.
818 4204 883 4277 sed
900 4203 1033 4278 rectius
1048 4200 1289 4275 Vahlenius

158 4320 338 4396 intellexit
373 4321 576 4396 orationem
618 4323 671 4397 sic
710 4325 834 4424 potius
877 4323 1156 4398 continuandam
1190 4345 1292 4395 esse:

161 4439 419 4539 Theophrastus
441 4442 547 4516 etiam
569 4445 653 4543 (pro
674 4446 721 4541 et)
744 4445 901 4554 uariat..
929 4443 1081 4518 tn'huens
1097 4442 1289 4542 principa-

210 4571 242 4610 11·
1064 4563 1085 4626 s
