3300 5142
576 542 689 600 chron.
708 541 745 606 H,
765 541 884 599 10-12.
1258 545 1299 610 67

178 698 376 766 internecioni
391 701 422 764 et
437 699 614 783 captiuitati
634 701 724 765 datae
738 699 778 766 ad
791 700 871 766 hano
891 717 987 782 usque
1007 699 1195 782 paucitatem
1209 700 1301 765 leuc

178 803 296 868 urant.
312 803 366 866 sed
378 802 464 880 haec,
479 804 516 866 ut
529 801 602 880 dixi,
618 801 703 886 plebs
719 804 851 868 duarum
864 801 1004 866 tribuum
1017 801 1094 867 fuit:
1110 803 1214 867 decem
1228 812 1328 868 uero't

178 885 264 989 jem
279 904 426 970 coemo
441 904 655 987 peresuros,
679 905 799 982 ueros,
821 905 914 970 mou
935 905 1029 986 atquo
1048 904 1221 988 Aethiopas
1237 903 1302 969 eu-

178 1023 283 1090 poreae
304 1025 473 1088 numquam
494 1007 526 1072 in
547 1007 647 1072 solum
668 1007 804 1090 patrium
827 1025 997 1092 regressae,
1019 1007 1168 1088 hodieque
1188 1007 1301 1072 barba·

158 1127 284 1175 erarem
298 1109 437 1193 gentium
452 1109 591 1192 imperiis
605 1110 805 1176 contuentur.
830 1111 883 1175 eod
897 1110 1118 1175 consummatio
1140 1108 1303 1174 restitutae

179 1211 265 1277 urhis
280 1229 354 1276 xxx
368 1213 401 1276 et
413 1231 439 1276 11
454 1213 576 1295 imperii
591 1213 765 1278 Artaxersis
787 1231 866 1278 auno
887 1212 1025 1279 refertur.
1049 1230 1068 1276 a
1087 1229 1147 1294 quo
1167 1214 1331 1294 tempores

96 1339 99 1343 ·
179 1315 329 1396 usquead
343 1312 458 1379 Ghrieti
473 1333 607 1393 crucem,
630 1316 663 1380 id
685 1318 732 1380 est
753 1315 876 1382 Euhium
891 1314 1055 1380 Geminum
1074 1315 1107 1380 et
1124 1315 1303 1380 Rubellium

180 1416 325 1494 consules,
341 1417 413 1482 anni
428 1433 537 1483 cccxc
551 1421 583 1484 ot
596 1437 677 1484 v111:
693 1419 828 1483 ceterum
843 1437 862 1483 a
875 1416 1068 1483 restitutione
1083 1415 1193 1499 templi
1207 1431 1304 1498 usque

179 1519 215 1584 in
232 1519 435 1598 euereionem,
458 1539 535 1603 quae
549 1521 606 1585 sub
621 1521 808 1604 Vespasiano
829 1520 951 1586 consule
964 1520 1107 1604 Augusto
1126 1537 1181 1603 por
1195 1520 1303 1586 ritum

146 1621 339 1688 roCaeaarem
354 1625 565 1689 consummate
578 1625 634 1701 eet,
650 1623 721 1688 anni
736 1639 820 1688 cccc
837 1641 934 1688 cxxx
948 1623 981 1688 et
994 1641 1044 1688 111.
1063 1623 1255 1706 praedictum
1269 1622 1330 1686 ite

180 1725 255 1790 olim
269 1729 349 1792 esta
370 1727 512 1806 Daniele,
536 1726 589 1808 qui
611 1726 650 1791 ab
671 1725 893 1792 instauratione
913 1725 1024 1806 tompli
1044 1743 1140 1807 usque
1160 1724 1193 1791 in
1215 1741 1303 1790 ouer

180 1829 295 1894 monem
316 1847 364 1893 nx
386 1821 420 1894 et'
438 1847 517 1894 vmr
538 1829 744 1894 hebdomadas
771 1828 893 1894 futuras
918 1827 1178 1910 pronuntiauerat.
1208 1848 1228 1893 a
1253 1827 1305 1892 (iio

180 1933 284 1998 autem
298 1931 491 2013 captiuitatis
502 1931 684 1997 ludaeorum
695 1949 791 2014 usque
810 1932 844 1996 in
853 1932 975 2013 tompus
990 1931 1151 1996 restitutae
1165 1929 1305 1996 ciuitatis

180 2033 304 2100 fuerunt
318 2034 390 2099 anni
405 2050 503 2098 cccx.

146 2162 173 2202 re
223 2137 261 2201 In
280 2137 338 2200 hoc
362 2138 536 2218 temporum
561 2138 663 2201 tractu
687 2136 799 2201 Esther
823 2137 917 2218 atque
938 2135 1046 2201 Iudith
1060 2134 1302 2200 iuimearbitra·
1315 2135 1353 2202 hi

181 2257 265 2304 mur:
281 2257 411 2321 quarum
426 2239 551 2321 quidem
565 2239 653 2304 actus
667 2239 778 2321 quibus
789 2238 987 2321 potissimum
1000 2237 1126 2321 regibus
1135 2237 1302 2314 conectam,

180 2358 241 2406 non
254 2340 344 2406 facile
358 2341 569 2424 perspexerim.
592 2360 665 2406 nam
679 2359 749 2406 cum
764 2340 877 2404 Esther
890 2340 948 2405 sub
962 2340 1126 2406 Artaxereo
1138 2355 1209 2423 rege
1223 2337 1303 2403 refe·

180 2445 275 2523 ratur,
287 2462 376 2527 porro
391 2446 466 2509 duos
480 2443 573 2509 huius
585 2443 717 2509 nominis
728 2443 893 2509 Persarum
904 2461 991 2527 reges
1001 2442 1096 2507 tuisse
1109 2441 1302 2524 reppererim,

180 2547 282 2612 multa
294 2547 450 2612 cunctatio
465 2547 512 2610 eet
525 2547 612 2611 cuiue
626 2547 701 2612 haec
711 2545 900 2628 temporibus
910 2545 1090 2628 applicetur.
1106 2544 1185 2610 mihi
1199 2544 1332 2609 tament

147 2649 284 2714 aunum
310 2650 357 2713 est
382 2648 454 2713 huic
474 2649 648 2727 Artaxersi,
675 2648 732 2713 sub
758 2666 817 2730 quo
839 2649 1054 2732 Hierosolyma
1077 2649 1125 2712 eet
1149 2647 1303 2726 restituta,

180 2751 292 2816 Esther
313 2751 475 2817 historiam
496 2754 664 2829 conectere,
688 2751 760 2833 quia
781 2769 842 2815 uon
863 2751 906 2815 sit
926 2750 1109 2829 uerisimile,
1131 2751 1182 2829 ut,
1204 2749 1231 2813 si
1246 2748 1304 2814 suh

180 2854 279 2936 priore
300 2855 464 2920 Artaxerao
484 2854 609 2932 smeret,
637 2854 723 2918 ouius
744 2855 884 2936 tempora
910 2853 1020 2917 Eedrc
1046 2853 1221 2936 compleres
1245 2853 1302 2929 est,

180 2957 298 3022 nullam
313 2960 379 3023 tam
394 2957 526 3023 illustris
541 2957 671 3022 feminae
685 2957 871 3021 mentionem
885 2956 1056 3034 retulisset,
1078 2955 1212 3020 maxime
1232 2971 1303 3019 cum

181 3060 220 3124 ab
241 3061 296 3124 illo
317 3062 482 3126 Artareree
503 3059 669 3124 inhibitam
691 3059 800 3141 templi
822 3059 1079 3137 aedificationem,
1107 3057 1190 3123 sicut
1210 3074 1305 3138 supra

147 3163 433 3242 rememora-aimus,
452 3163 584 3226 mustei:
607 3179 703 3244 neque
716 3161 830 3226 Esther
842 3179 970 3244 passura
983 3159 1078 3225 fuerit
1092 3161 1206 3243 [tum],
1229 3159 1257 3223 ei
1270 3159 1304 3223 in

180 3264 265 3329 illius
279 3265 475 3330 matrimonio
490 3268 558 3330 tum
573 3263 690 3329 suimet.
707 3283 788 3328 nunc
801 3266 890 3348 gesta
903 3264 1077 3328 edisseram.
1093 3264 1159 3326 erat
1173 3279 1209 3327 ea
1222 3264 1331 3326 tem-3

179 3367 298 3450 pestate
311 3367 377 3452 regi
391 3368 425 3432 in
438 3367 635 3433 matrimonio
645 3366 752 3432 Vestis
766 3368 926 3449 quaedam,
935 3366 1032 3431 mirae
1042 3365 1157 3430 femina
1167 3364 1303 3446 pulchri·

285 3570 323 3627 10
339 3571 406 3626 Dan
421 3570 447 3627 9.

232 3741 247 3798 1
266 3740 331 3796 daca
343 3743 370 3796 P
430 3742 448 3800 3
466 3742 593 3798 deductae
604 3757 666 3796 noe:
685 3741 780 3795 ductae
792 3742 831 3806 P,
851 3740 979 3795 abductae
996 3741 1029 3796 oie
1041 3743 1130 3798 Proto
1203 3741 1223 3798 4
1241 3744 1304 3794 eunt

178 3842 313 3895 regressae
331 3828 347 3881 h
412 3827 484 3898 611]
496 3828 547 3882 duo
560 3828 588 3882 P
608 3829 620 3896 11
643 3827 800 3880 artarxersis
818 3827 846 3881 P
896 3827 1038 3881 iEufium
1060 3829 1100 3882 P:
1118 3827 1257 3882 Eueiumb
1281 3829 1293 3895 ΙΙ

179 3912 330 3968 Geminium
348 3915 364 3969 b
387 3917 399 3983 11
422 3915 561 3968 rebellium
579 3915 618 3978 P,
636 3931 683 3967 em.
701 3913 735 3968 de
747 3915 835 3968 Proto
910 3914 1033 3971 timolim
1044 3923 1126 3968 conss.
1140 3915 1191 3982 (aio
1202 3912 1304 3980 cori.)e

179 3998 207 4068 (i.
220 4014 240 4053 e.
254 4001 327 4069 sunt)
338 4000 401 4054 anni
466 4001 503 4057 14
517 4006 580 4068 post
592 4013 660 4054 ocur
679 4005 717 4054 est
733 4001 764 4052 irc
781 3999 809 4053 P
818 3999 938 4067 cpolim
949 4017 1069 4054 coccum
1080 3998 1235 4068 quindecim
1244 3999 1305 4065 fere

179 4084 335 4141 litterarum
399 4086 519 4144 15111100
539 4086 662 4140 Panisos
679 4086 747 4138 coci
766 4100 874 4153 uersas,
902 4085 991 4139 Hocb
1019 4087 1031 4153 ΙΙ
1054 4086 1150 4138 Esther
1168 4085 1302 4140 Dracina:

178 4173 268 4227 hector
286 4173 350 4226 Pet
361 4173 400 4226 ea'c
411 4172 538 4240 deinceps
620 4169 655 4226 17
674 4172 820 4223 urtamersc
834 4171 871 4234 P,
897 4171 962 4226 itera
972 4188 999 4225 c.
1013 4173 1053 4223 22
1064 4177 1090 4224 et
1101 4173 1153 4239 24,
1172 4177 1198 4226 et
1217 4172 1302 4225 artar-

178 4259 247 4314 rerei
268 4277 294 4314 c.
308 4263 347 4313 20
405 4258 442 4314 18
458 4256 618 4327 reppererim
630 4257 739 4324 scripsi:
757 4256 861 4325 repperi
874 4257 901 4311 P
950 4256 987 4313 21
1007 4255 1070 4324 quia
1081 4273 1132 4310 non
1143 4257 1181 4310 sit
1192 4257 1302 4325 scripsi:

179 4345 225 4413 qus
237 4329 272 4398 afi
282 4345 337 4398 rure
349 4346 386 4410 P,
405 4359 472 4412 quae
484 4345 547 4396 aneo
558 4341 611 4395 furt
629 4341 644 4395 o
668 4344 680 4410 p
702 4341 857 4416 cemimus
875 4343 892 4395 o
976 4342 1015 4399 aa
1033 4344 1151 4411 empore
1167 4342 1252 4397 aeuo
1269 4343 1303 4395 oe

179 4430 280 4484 Proto:
299 4433 375 4499 tepra
393 4431 420 4484 P
471 4429 510 4486 24
528 4428 567 4482 sic
584 4443 664 4497 supra
681 4426 709 4480 P
768 4427 805 4486 25
823 4433 969 4499 utriunque
984 4430 1043 4482 tum
1060 4427 1094 4481 de
1111 4429 1200 4484 Proto
1211 4428 1301 4483 dolea-

181 4515 247 4570 dum
259 4523 361 4583 comet,
380 4531 431 4570 noe
439 4516 522 4584 priua
533 4515 628 4568 auitam
639 4513 799 4595 imitatrices

1051 4601 1096 4667 5*
