3300 5142
579 541 741 596 Octauius
759 558 779 596 c.
799 543 919 602 25-26.
1265 549 1306 614 37

179 699 314 768 sanctior
328 698 538 775 sacerdotum,
554 716 625 763 cnm
640 717 735 780 paene
749 698 783 763 in
797 699 939 782 pluribus
955 700 1146 784 uirginibus,
1168 704 1216 767 set
1230 721 1308 784 qnae

179 802 385 869 inconsultius
400 819 433 866 se
446 800 524 865 uiris
538 801 752 881 miscuissent,
768 800 866 866 Vesta
880 819 951 867 sane
966 803 1138 883 nesciente,
1168 804 1210 868 sit
1225 805 1309 870 inoe-

180 907 265 972 stum
280 905 489 982 uindicatum,
501 904 534 968 in
549 904 680 970 residuis
694 905 902 986 inpunitatem
917 905 1025 971 fecerit
1039 924 1100 972 non
1114 907 1242 973 castitas
1257 909 1309 972 tu·

179 1010 257 1087 tior,
288 1009 342 1074 sed
364 1006 549 1090 inpudicitia
570 1008 697 1073 felicior.
730 1007 785 1072 nbi
808 1009 913 1074 autem
937 1009 1038 1094 magis
1065 1009 1360 1076 asacerdotibnsll

157 1131 275 1195 squam
290 1112 454 1176 intereras
469 1111 502 1176 et
516 1110 645 1176 delubra
660 1111 873 1176 conducuntur
893 1112 1014 1194 stupra,
1036 1113 1208 1178 mutantur
1222 1114 1307 1178 leno-

180 1215 278 1294 cinia,
294 1215 447 1280 adulteria
460 1215 675 1280 meditantur?
696 1214 887 1298 frequentius
908 1215 1039 1298 denique
1063 1217 1096 1281 in
1116 1217 1309 1283 aedituorum

179 1319 301 1385 cellulis
316 1336 410 1400 qnam
425 1317 459 1382 in
473 1317 548 1399 ipsis
569 1317 770 1399 lupanaribus
783 1317 918 1402 flagrans
939 1317 1036 1383 libido
1058 1319 1246 1404 defungitur.
1278 1323 1310 1387 et
1322 1331 1360 1387 12

178 1422 282 1486 tamen
308 1423 380 1485 ante
409 1439 460 1486 eos
484 1421 549 1486 Deo
565 1420 759 1504 dispensante
785 1421 839 1485 diu
868 1439 963 1505 regna
991 1423 1157 1488 tennerunt
1176 1422 1309 1508 Assyrii,

177 1523 282 1602 Medi,
310 1523 438 1603 Persae,
466 1523 576 1590 Graeci
604 1523 699 1590 etiam
729 1526 761 1588 et
790 1522 953 1608 Aegyptii,
992 1544 1064 1590 oum
1085 1524 1252 1592 Pontifices
1278 1529 1310 1592 et

142 1627 311 1692 1⁰Arnales
325 1630 357 1692 et
372 1626 470 1692 Salios
491 1628 522 1691 et
536 1626 677 1691 Vestales
699 1627 731 1691 et
745 1625 888 1710 Augures
903 1645 963 1692 non
977 1626 1125 1694 haberent
1139 1647 1194 1693 nec
1209 1628 1310 1710 pullos

179 1748 272 1796 cauea
300 1731 451 1806 reclusos,
487 1746 618 1811 qnorum
645 1729 713 1794 cibo
739 1729 789 1793 nel
815 1729 940 1794 fastidio
966 1747 1015 1794 res
1040 1729 1164 1811 publica
1189 1750 1310 1798 summa

178 1834 344 1918 regeretur.

215 1936 284 2000 Iam
296 1934 378 2000 enim
390 1932 525 1999 nenioad
536 1934 593 1999 illa
604 1935 742 2017 auspicia
753 1936 785 1999 et
797 1935 928 2020 auguria
938 1935 1086 2015 Romana,
1098 1955 1176 2017 quae
1187 1955 1308 2002 summo
1319 1951 1359 2016 κ

178 2037 281 2102 labore
307 2037 436 2102 collecta
461 2038 595 2101 testatus
623 2055 655 2101 es
681 2038 712 2100 et
739 2038 932 2119 paenitenter
963 2037 1078 2102 omissa
1098 2039 1130 2103 et
1147 2038 1309 2106 obseruata

141 2159 169 2199 rs
178 2140 321 2206 feliciter.
346 2137 472 2204 Clodius
494 2138 613 2205 scilicet
635 2141 667 2204 et
681 2139 854 2204 Flaminius
877 2140 908 2205 et
930 2140 1038 2205 Iunius
1065 2140 1133 2206 idco
1157 2141 1336 2215 exercitans

176 2242 391 2326 perdiderunt,
408 2242 490 2324 quod
504 2242 661 2324 pullorum
676 2242 866 2307 solistimum
881 2243 1053 2325 tripudium
1068 2244 1306 2325 exspectandum

176 2364 237 2412 non
252 2348 448 2429 putauenmt.
466 2347 541 2428 qnid
556 2346 716 2431 Regulus?
731 2365 829 2411 nonne
844 2346 974 2431 anginis
989 2347 1127 2412 seruauit
1152 2348 1183 2412 et
1198 2349 1335 2431 captust

177 2451 249 2516 est?
264 2449 426 2514 Mancinus
441 2449 622 2533 religionem
636 2449 752 2529 tenuit,
768 2451 801 2514 et
815 2449 873 2515 sub
888 2450 997 2534 iugum
1012 2449 1126 2515 missus
1141 2451 1188 2515 est
1203 2452 1235 2515 et
1250 2450 1304 2515 de·

176 2553 271 2618 ditus.
298 2552 400 2634 pullos
416 2552 522 2618 edaces
543 2553 654 2617 habuit
673 2554 705 2616 et
720 2553 852 2632 Paulus,
880 2552 961 2635 apud
977 2551 1098 2619 Cannas
1115 2555 1307 2620 tamencum

139 2657 292 2721 eomaiore
305 2655 412 2737 populi
426 2656 557 2720 Romani
571 2657 658 2738 parte
672 2657 844 2737 prostratus
861 2659 915 2721 est.
933 2654 1029 2721 Gaius
1041 2655 1164 2736 Caesar,
1183 2676 1221 2721 ne
1235 2659 1335 2726 ante4

175 2758 320 2823 bmmam
345 2759 378 2823 in
392 2757 533 2824 Africam
547 2758 675 2843 nauigia
692 2759 931 2837 transmitteret,
948 2759 1086 2843 auguriis
1112 2761 1144 2826 et
1158 2759 1305 2841 auspiciis

175 2862 394 2940 renitentibus,
411 2864 543 2944 spreuit:
559 2880 594 2925 eo
609 2861 732 2927 facilius
748 2864 780 2926 at
794 2862 957 2946 nauigauit
971 2863 1003 2927 et
1023 2863 1108 2927 uicit.
1139 2882 1216 2944 qnae
1235 2881 1333 2936 ueros

175 2966 208 3030 et
222 2964 339 3046 quanta
360 2964 398 3029 de
413 2964 545 3031 oraculis
559 2965 746 3047 prosequar?
768 2967 838 3046 post
853 2968 986 3030 mortem
1000 2965 1208 3048 Amphiaraus
1230 2985 1305 3032 nen·

174 3067 246 3132 tura
260 3066 432 3149 respondit,
458 3067 512 3150 qui
526 3067 684 3151 proditum
705 3067 744 3131 iri
767 3085 799 3133 se
814 3068 853 3132 ob
868 3069 983 3133 monile
998 3069 1036 3133 ab
1057 3086 1148 3133 uxore
1163 3067 1302 3132 nesciuit.

228 3308 244 3363 1
258 3308 375 3374 setquse
386 3306 506 3360 Vauen:
520 3308 548 3359 at
558 3321 624 3374 quae
631 3307 680 3371 Pr,
691 3308 722 3360 nt
731 3323 799 3376 quse
808 3309 929 3363 Vrsinus
975 3307 993 3363 2
1007 3307 1089 3360 Vesta
1099 3323 1161 3361 sane
1171 3301 1305 3362 nesciente

173 3393 247 3447 obelo
258 3393 368 3446 notauit
377 3392 530 3444 Heuueuuu
580 3392 820 3461 Amagisqnama
833 3393 1172 3448 sacerdotibnsHeurnunn
1225 3393 1304 3453 ein-

173 3481 260 3533 terrae
281 3480 309 3530 et
331 3478 358 3530 P
375 3493 421 3545 pr.
439 3492 473 3530 nr.
495 3477 508 3544 {l
527 3477 700 3532 condicuntur
716 3480 835 3534 Vrsinus
906 3478 942 3537 10
959 3481 987 3533 et
1004 3481 1082 3548 (unte
1094 3480 1181 3548 Vest)
1193 3496 1271 3534 orur

173 3564 210 3621 11
227 3563 286 3617 cino
297 3562 336 3617 Ρι
352 3563 365 3630 ΙΙ
381 3579 422 3615 res
431 3578 535 3616 summa
544 3564 671 3632 Vrsinus,
681 3565 719 3618 rei
733 3582 757 3634 p.
771 3581 875 3620 summa
886 3566 1025 3620 Wowerus
1071 3565 1109 3622 14
1120 3582 1147 3620 es
1159 3565 1304 3620 Gelonion:

172 3652 215 3704 est
225 3650 267 3704 Pr
271 3669 281 3717 ,·
300 3649 336 3716 cf.
350 3652 442 3716 cup.7
463 3650 476 3716 ΙΙ
498 3649 650 3717 penitentes
660 3650 700 3714 P,
713 3652 882 3719 poenitenter
898 3667 914 3705 r
968 3651 1005 3711 15
1023 3652 1150 3707 Claudius
1162 3652 1305 3706 Mrursius

172 3735 210 3792 16
223 3735 386 3789 solistimum
403 3733 548 3790 Gelonium:
580 3735 801 3790 sollemnisimum
821 3737 862 3802 P,
893 3737 1146 3792 solemnissimnmr
1210 3738 1244 3794 17
1263 3753 1305 3790 ar·

169 3822 250 3890 gnria
260 3822 293 3886 P,
304 3821 424 3891 auspicia
435 3821 596 3891 Cyprianus
607 3822 624 3876 l.
636 3839 657 3877 c.
670 3825 696 3890 3,
710 3826 729 3876 6
777 3823 813 3880 18
824 3823 923 3877 habuit
931 3823 1032 3877 Paulus
1042 3827 1069 3878 et
1078 3823 1148 3893 apud
1158 3824 1303 3892 Wopkens,

169 3913 202 3962 ut
219 3908 378 3976 Cyprianus
390 3911 417 3976 3,
432 3912 465 3975 6;
492 3907 588 3962 habuit
599 3911 628 3961 et
639 3909 739 3962 Paulus
752 3908 822 3978 apud
839 3909 956 3974 Cannas,
984 3912 1074 3963 tamen
1086 3911 1186 3978 uulpu-
1204 3909 1303 3963 uerbo-

169 4009 233 4047 rum
244 3993 448 4048 destinationem
460 3995 579 4048 correxit
590 3995 733 4049 Meursius
777 3995 815 4052 19
827 4011 885 4064 pop.
899 3995 946 4049 Ro.
960 3997 994 4050 P.
1008 3995 1126 4050 Daniel:
1140 3995 1204 4064 reip,
1218 3997 1261 4050 Pr
1280 3996 1293 4063 Η

170 4079 280 4136 Caiusr
340 4080 375 4136 21
395 4081 667 4149 nauigioDanisiuo,
685 4088 754 4136 utu.
773 4082 855 4151 Cypr.
921 4082 960 4138 22
978 4081 1157 4136 retinentibus
1173 4083 1302 4150 Vrsinus,

169 4172 240 4221 utu.
267 4166 348 4236 supr.
371 4170 429 4230 3,6
452 4168 464 4235 ΙΙ
487 4167 590 4237 spreuit
611 4169 639 4222 P
660 4170 673 4235 ΙΙ
694 4168 801 4222 felicius
817 4169 984 4236 Heumann,
1011 4175 1041 4223 ut
1061 4187 1087 4223 u
1111 4169 1241 4222 Buenem.
1264 4167 1302 4222 ad

170 4252 302 4306 muana
316 4252 350 4306 D.
365 4254 389 4307 Ι.
403 4257 430 4320 6,
452 4256 500 4321 24,
522 4257 543 4308 2
594 4254 633 4311 23
651 4257 780 4308 euentura
791 4256 899 4323 malim,
918 4255 953 4322 ef.
968 4261 1060 4310 tannen
1072 4255 1151 4309 Lacr.
1166 4253 1201 4308 de
1211 4259 1300 4308 norit.

167 4353 271 4406 perseo.
293 4342 328 4392 10
383 4339 422 4395 24
438 4339 573 4410 proditum
594 4340 630 4394 iri
651 4356 680 4393 se
699 4341 805 4394 Peerr.
829 4357 863 4394 eu
884 4341 1017 4410 proditnis
1039 4339 1104 4404 nise,
1122 4339 1244 4409 proditus
1257 4340 1299 4392 est

171 4423 230 4493 lpse
250 4440 267 4476 r
288 4426 301 4492 ΙΙ
323 4425 487 4480 nesciuitire
499 4427 554 4481 sias
567 4427 601 4491 P,
614 4427 726 4480 nescius
745 4427 864 4481 Tiresias
877 4443 892 4480 r
