3300 5142
353 557 394 622 70
768 555 915 625 Sulpicii
937 554 1055 610 Seueri

323 723 410 795 eque
431 711 486 777 ille
508 731 558 777 rer
586 711 864 778 Nabuchodonosor
884 731 903 776 a
923 711 1046 778 Iudaeis
1075 713 1227 778 uocitatue
1248 715 1304 779 est.
1333 712 1469 796 plerique

353 817 457 882 tamen
467 815 646 900 Cambysen,
662 815 733 899 Cyri
744 815 827 900 regis
843 815 954 896 filium,
974 818 1094 899 putant,
1115 835 1149 882 ec
1159 815 1240 901 quod
1250 816 1350 882 uictor
1363 817 1469 902 Aegy-

352 922 441 1004 ptum
451 919 746 1003 atquehcthiopiam
757 919 969 1002 penetrauerit.
981 920 1116 986 eedhuic
1124 920 1258 1004 opinioni
1266 919 1372 985 eadem
1383 938 1469 985 sacra

352 1023 480 1090 historia
494 1023 661 1107 repugnat:
677 1041 749 1088 nam
764 1021 943 1089 duodecimo
957 1024 1039 1109 regie
1052 1025 1140 1090 illins
1154 1045 1232 1091 anno
1246 1024 1354 1090 Iudith
1373 1023 1468 1090 inisse

321 1142 340 1197 4
351 1127 498 1211 signatur.
522 1144 609 1209 porro
624 1125 789 1210 Cambyses
803 1143 863 1191 non
876 1127 961 1194 ultra
975 1147 1053 1194 vnn
1063 1147 1157 1194 annos
1167 1147 1269 1194 rerum
1280 1127 1397 1210 potitus
1411 1129 1466 1193 est.
1490 1155 1503 1195 s

351 1231 440 1310 uude,
463 1229 537 1295 siin
558 1229 688 1296 historia
702 1230 819 1312 opinari
834 1229 916 1310 licet,
942 1231 999 1296 sub
1016 1229 1099 1296 Ocho
1118 1251 1199 1317 rege,
1215 1231 1268 1315 qni
1285 1231 1354 1314 post
1373 1230 1468 1297 Arta-

351 1353 456 1400 xersen
473 1333 639 1420 secundum
658 1333 729 1412 init,
754 1334 830 1400 hoec
844 1336 931 1419 gesta
944 1335 1141 1401 crediderim:
1174 1337 1266 1419 idque
1285 1336 1336 1400 uel
1361 1353 1397 1401 er
1411 1335 1470 1400 hoc

352 1437 477 1518 conicio,
493 1438 574 1520 quod
588 1437 672 1503 idem
686 1435 798 1517 Ochus,
815 1437 903 1503 ntia
913 1439 1118 1504 saecularibus
1128 1440 1201 1524 legi,
1217 1440 1327 1505 natura
1337 1439 1470 1505 immitis

356 1541 545 1625 cupidusque
567 1540 719 1607 bellcmm
741 1541 882 1607 traditur.
905 1561 978 1607 nam
999 1543 1031 1606 ct
1051 1561 1138 1608 arma
1158 1541 1300 1608 finitimis
1312 1541 1421 1607 intulit
1440 1544 1471 1608 et

356 1645 544 1731 Aegyptum,
561 1663 638 1728 quae
653 1646 723 1710 ante
737 1643 853 1709 multos
867 1663 960 1711 annos
976 1645 1155 1725 desciuerat,
1176 1644 1256 1711 bello
1270 1645 1470 1728 recuperauit.
1481 1673 1507 1712 ro

322 1757 412 1832 equo
426 1749 562 1832 tompore
577 1748 671 1813 etiam
687 1765 772 1814 sacra
787 1766 891 1813 eorum
906 1751 938 1814 et
958 1749 1053 1832 Apim
1067 1749 1100 1813 in
1119 1749 1211 1814 deum
1230 1750 1388 1831 receptum
1400 1749 1471 1814 irri-

358 1854 434 1919 sisse
448 1852 598 1917 traditur:
615 1852 695 1934 quod
710 1853 813 1935 postea
828 1853 961 1936 Boguas
977 1851 1071 1934 spado
1082 1851 1147 1918 eius
1156 1851 1278 1917 natione
1288 1852 1471 1937 Aegyptius,

354 1955 549 2041 indignatus,
574 1954 791 2021 contumeliam
812 1955 915 2040 gentis
934 1957 1033 2020 morte
1052 1955 1134 2039 regis
1154 1955 1239 2020 ultus
1254 1955 1309 2021 eet.
1330 1955 1473 2021 meminit
1489 2021 1495 2030 ,

324 2061 457 2126 cautem
477 2058 569 2124 huius
583 2059 708 2144 Bagoae
723 2057 853 2124 historia
871 2059 992 2124 diuina:
1012 2078 1085 2125 nam
1107 2078 1178 2124 cnm
1191 2057 1372 2124 Holciemes
1385 2059 1472 2124 iussu

352 2162 434 2248 regis
461 2163 624 2228 aduersum
647 2162 774 2228 Iudaeos
807 2162 896 2227 duait
927 2164 1109 2241 exercitum,
1142 2161 1284 2247 Baguam
1313 2163 1346 2228 in
1374 2162 1472 2228 isdem
1482 2191 1507 2231 n

354 2267 461 2331 caetris
490 2265 584 2332 hrisse
606 2266 798 2332 memorauit.
828 2266 908 2331 unde
928 2283 988 2331 uon
1014 2265 1170 2330 immerito
1197 2265 1230 2330 iu
1256 2269 1473 2351 argumentum

353 2370 473 2435 nostrae
489 2369 639 2453 opinionis
655 2368 843 2447 adduxerim,
864 2370 900 2433 ut
914 2387 967 2434 rer
982 2369 1044 2448 ille,
1059 2369 1337 2435 Nabuchodonosor
1355 2389 1472 2436 nuncu-

353 2475 455 2555 patus,
480 2470 581 2537 Ochus
597 2471 700 2549 fuerit,
723 2471 780 2536 sub
796 2489 856 2554 quo
870 2471 1011 2556 Baguam
1028 2472 1123 2537 fuisse
1143 2472 1315 2538 mundiales
1334 2473 1473 2539 historici

325 2574 561 2658 tprcdiderunt.
590 2575 724 2640 ceterum
746 2574 827 2640 illud
846 2575 962 2640 nemini
981 2575 1097 2641 mirum
1117 2595 1182 2642 ease
1202 2576 1366 2659 oportebit,
1392 2579 1473 2660 quod

354 2678 515 2761 scriptores
531 2677 733 2744 seeculmium
749 2677 923 2744 litterarum
933 2677 1013 2743 nihil
1024 2699 1060 2744 cr
1070 2678 1129 2757 his,
1144 2698 1222 2762 quae
1233 2679 1328 2745 sacris
1339 2679 1508 2746 columi-²⁰

352 2781 443 2848 nibus
458 2781 572 2864 scripta
586 2782 667 2860 suut,
693 2781 878 2866 attigemnt:
905 2781 962 2847 Dei
978 2783 1089 2865 spiritu
1099 2780 1309 2864 praeualente‚
1335 2784 1372 2848 ut
1390 2783 1472 2850 inta-

354 2884 474 2952 minata
488 2884 526 2949 eb
542 2903 592 2951 ore
607 2886 747 2968 corrupto
762 2885 813 2950 uel
828 2883 916 2951 falsis
930 2905 1003 2951 uera
1016 2886 1164 2952 miscente
1178 2886 1260 2952 intra
1274 2905 1330 2952 sua
1349 2887 1473 2952 tantum

353 2990 500 3074 mysteria
514 2989 720 3054 contineretur
733 2989 871 3068 historia,
887 3008 964 3072 quae
979 2991 1117 3072 separata
1130 3008 1150 3055 a
1163 2989 1270 3055 mundi
1290 2990 1422 3074 negotiis
1442 2991 1474 3056 et

353 3093 447 3160 sacris
458 3091 711 3158 tantumuceibus
722 3091 1082 3175 proferendapermisceri
1093 3111 1163 3158 cum
1174 3092 1245 3158 aliis
1256 3093 1343 3158 uelut
1354 3092 1473 3176 aequali

325 3198 436 3263 ascite
450 3215 510 3263 non
524 3197 646 3262 debuit:
673 3196 787 3261 etenim
802 3197 868 3261 erat
881 3195 1147 3282 indignissimum,
1169 3197 1205 3261 ut
1229 3195 1290 3261 clia
1311 3197 1506 3282 agentibusrc

356 3301 410 3367 aut
425 3301 486 3366 elia
501 3299 715 3384 quaerentibus
729 3300 804 3366 haec
816 3319 935 3383 quoque
950 3319 1021 3366 cum
1042 3300 1168 3382 reliquia
1188 3300 1395 3366 miscerentur.
1419 3301 1472 3367 scd

354 3423 480 3489 pergam
495 3404 534 3470 ad
549 3404 648 3469 cetera
662 3423 697 3469 ec
711 3423 764 3486 per
779 3403 886 3468 Iudith
898 3405 996 3488 gesta,
1012 3403 1048 3468 ut
1059 3405 1172 3486 potero,
1188 3403 1292 3486 paucis
1304 3403 1470 3470 absoluem.

308 3514 344 3576 Ιὸ
396 3507 498 3593 Igitur
524 3507 669 3586 reuersis
700 3508 852 3590 utsupra
875 3507 1129 3586 memor-nimus,
1155 3507 1188 3572 in
1213 3507 1313 3572 solum
1336 3508 1472 3590 patrium

354 3611 486 3688 Iudaeis,
502 3609 632 3676 necdum
647 3611 813 3694 composito
833 3631 936 3677 rerum
950 3613 1005 3676 aut
1018 3611 1103 3675 urbis
1117 3612 1216 3691 statu,
1237 3629 1289 3676 rex
1309 3610 1472 3676 Persamm

356 3715 454 3782 Medis
475 3713 592 3780 beilum
619 3713 825 3798 insertatque
853 3715 999 3781 aduersus
1027 3734 1131 3800 regem
1159 3736 1279 3796 eorum,
1307 3715 1509 3800 Arpharadac

458 3937 495 3994 12
513 3935 610 3992 Judith
623 3939 649 3996 2.
685 3939 725 3998 30
741 3937 838 3995 Judith
851 3941 875 3997 1.

408 4129 427 4186 2
445 4129 528 4184 coP:
542 4131 627 4185 euseb
674 4130 910 4187 bartarxeraenP
953 4131 1125 4188 dconiticP
1139 4131 1152 4198 11
1168 4131 1237 4186 inb:
1254 4145 1303 4186 cra.
1317 4131 1345 4185 P
1365 4129 1378 4198 ΙΙ
1401 4143 1473 4194 scca-

356 4215 458 4270 laribue
471 4216 511 4270 P:
531 4215 693 4272 secularibus
705 4216 864 4285 quibusdam
877 4215 985 4287 scriptia
997 4219 1013 4272 b
1060 4217 1096 4274 14
1108 4217 1224 4283 cloiam,
1237 4219 1254 4272 i
1268 4233 1288 4272 e.
1302 4219 1435 4273 cloferune
1448 4217 1475 4271 P

410 4301 447 4361 15
465 4301 619 4358 aduersusb
635 4304 648 4372 ΙΙ
663 4302 741 4357 duxit
752 4302 934 4358 Lachmann:
951 4303 1004 4358 dux
1016 4305 1050 4369 P,
1063 4304 1175 4358 duxerat
1183 4305 1206 4369 b,
1219 4303 1326 4359 duceret
1337 4304 1371 4358 dc
1385 4303 1474 4357 Proto

412 4389 448 4447 17
466 4389 569 4459 opionis
582 4389 609 4444 P
659 4389 696 4446 21
716 4389 867 4458 attigerunt
878 4390 906 4443 b:
929 4389 1099 4460 contigerunt
1110 4391 1143 4455 P,
1158 4390 1301 4462 attigerint
1310 4389 1429 4446 madebat
1440 4387 1475 4444 dc

358 4477 447 4533 Pratc
468 4477 481 4544 tt
503 4475 657 4544 procidente
675 4475 743 4530 ccci.
762 4475 797 4530 de
815 4475 903 4531 Pratc
984 4477 1022 4532 22
1040 4477 1083 4530 ncl
1094 4477 1134 4531 P:
1152 4477 1207 4532 eth
1279 4475 1316 4533 27
1335 4474 1475 4532 eandith

358 4565 436 4634 gesta
448 4561 579 4634 Sigonius
625 4561 663 4619 30
681 4559 784 4615 arfaxat
797 4562 838 4630 P,
856 4579 903 4618 cm.
916 4561 1038 4618 maaca
1056 4579 1070 4617 c
1085 4559 1340 4637 Graecatipputdd
