3300 5142
607 548 720 603 Chrcn.
741 548 775 611 Π,
795 549 896 606 940.
1269 546 1312 610 65

189 689 332 786 regnasse
347 703 497 768 traditur:
519 722 706 786 quamquam
721 705 754 770 in
769 704 923 788 plerisque
942 701 1165 785 exemplaribus
1179 719 1228 764 xx
1243 702 1313 765 etv

190 823 283 870 annos
299 804 420 886 imperii
435 806 501 872 eius
516 805 613 872 fuisse
628 808 760 891 repperi.
776 807 851 871 huic
864 805 1010 870 acmessit
1020 804 1212 881 Artanerscs‚
1227 803 1313 866 cuius

189 925 281 990 supra
295 908 500 972 meminimus.
529 909 579 974 hic
594 927 664 974 cum
680 909 811 974 inhiberi
827 907 1068 974 aedificationem
1081 905 1166 970 urbis
1181 905 1339 970 Iudaeaee

189 1009 359 1092 templique
381 1010 535 1087 iussisset,
566 1030 747 1094 suspensum
769 1030 845 1094 opus
866 1010 1016 1092 nequem
1037 1009 1202 1073 secundum
1224 1006 1312 1072 Darii

170 1113 272 1196 bregis
292 1133 405 1178 annum
426 1115 577 1197 pependit.
611 1117 664 1180 sed
679 1119 825 1198 utusque
840 1115 880 1180 ad
894 1135 965 1180 eum
978 1116 1153 1196 tomorum
1173 1113 1246 1176 ordo
1260 1129 1312 1176 co-

189 1234 283 1280 nexus
299 1216 355 1292 sit,
383 1215 561 1282 hrtarmms
576 1219 719 1300 regnauit
734 1219 820 1283 annis
843 1235 902 1282 unc
925 1219 957 1281 et
977 1234 1040 1293 nn,
1061 1216 1172 1279 Xerses
1193 1214 1312 1279 dnobus

189 1318 353 1382 mensibus.
370 1321 498 1400 postque
513 1339 584 1385 eum
599 1319 769 1386 Sucdianus
784 1339 836 1386 vn
850 1318 1006 1385 mensibus
1020 1317 1089 1382 luit.

232 1420 343 1484 Darius
370 1421 494 1499 deinde,
531 1422 588 1486 sub
621 1441 680 1504 quo
702 1423 855 1506 templum
876 1423 924 1488 est
952 1421 1147 1495 restitutum,
1183 1437 1313 1501 regnum
1324 1424 1363 1485 lo

189 1523 318 1603 adeptus
333 1525 390 1600 est,
406 1523 456 1587 cui
470 1523 572 1608 Ochus
587 1526 656 1589 tum
670 1543 781 1590 nornen
795 1527 870 1589 arat.
886 1525 938 1588 hic
952 1543 1022 1588 cum
1037 1541 1072 1586 er
1087 1521 1234 1586 Hebraeis
1248 1523 1312 1585 tres

156 1624 393 1690 coadolescentes
408 1627 563 1709 spectatae
577 1627 648 1692 fidei
666 1628 800 1710 corporis
822 1627 962 1691 custodes
982 1625 1109 1690 haberet
1122 1641 1261 1706 unusque
1276 1643 1312 1688 ex

187 1725 237 1790 his
251 1728 432 1809 prudentiae
446 1728 628 1794 documento
650 1730 886 1795 admirationem
906 1728 987 1812 regis
1001 1728 1082 1792 inse
1100 1726 1311 1802 conuertisset,

188 1829 292 1894 delata
306 1829 366 1893 sibi
380 1830 503 1913 optione
513 1833 646 1914 petendi,
659 1833 686 1896 si
701 1833 776 1914 quid
791 1833 895 1898 animo
906 1831 1100 1913 concepisset,
1108 1829 1311 1912 ingemiscens

187 1932 306 2014 patriae
329 1931 425 1996 ruinis
453 1932 571 2013 copiam
594 1935 802 1999 restituendae
824 1934 910 1999 urbis
937 1934 1074 2017 poposcit
1095 1932 1269 2014 meruitque
1292 1950 1312 1996 a

188 2053 268 2116 rege,
281 2036 317 2098 ut
331 2034 504 2117 subregulis
519 2055 555 2099 ac
565 2037 757 2116 praesidibus
770 2037 946 2120 imperaret,
957 2035 1198 2100 aedificationem
1209 2053 1311 2098 sacrae

156 2153 181 2192 1⁵
189 2138 273 2201 aedis
288 2137 435 2220 praebitis
451 2138 615 2220 impendiis
642 2141 841 2204 maturarent.
871 2140 916 2204 ita
938 2139 1091 2221 templum
1115 2135 1340 2220 quadricnnioa

189 2243 450 2317 consummatum,
473 2243 557 2305 sexto
579 2244 649 2322 post
671 2259 749 2306 anno
770 2261 863 2323 quam
883 2242 996 2306 Darius
1015 2259 1142 2324 regnare
1162 2241 1311 2321 coeperat,

189 2342 280 2423 idque
302 2343 424 2407 Iudaeis
450 2343 527 2408 satis
552 2344 672 2408 uisum:
700 2347 731 2408 et
756 2345 828 2426 quia
848 2363 979 2427 magnae
1003 2343 1095 2408 molis
1115 2345 1183 2407 erat
1203 2341 1311 2405 urbem

191 2445 366 2520 restituere,
393 2445 488 2509 diffisi
509 2446 629 2510 uiribus
651 2463 727 2528 opus
748 2446 844 2511 multi
864 2446 978 2510 laboris
1002 2446 1134 2529 incipero
1158 2461 1219 2509 non
1244 2444 1311 2508 ausi

190 2548 305 2629 templo
321 2547 561 2612 continebantur.
584 2567 638 2631 per
658 2550 741 2614 idem
761 2551 883 2631 tempus
898 2549 1010 2614 llsdras
1029 2549 1129 2612 scriba
1147 2547 1226 2631 legis
1240 2548 1339 2629 post3

154 2665 180 2706 ao
189 2667 238 2712 xx
250 2649 312 2714 fera
327 2667 420 2714 annos
432 2670 524 2731 quam
540 2651 691 2733 templum
706 2651 807 2716 luerat
822 2653 1078 2728 consummatum,
1090 2649 1233 2715 defuncto
1247 2649 1310 2714 iam

188 2752 292 2826 Dario,
316 2753 369 2832 qui
384 2772 479 2816 unum
494 2754 531 2817 de
546 2753 661 2836 uiginti
675 2771 768 2818 annos
783 2773 887 2819 rerum
901 2753 1004 2819 fuerat
1017 2753 1144 2837 potitus,
1160 2752 1310 2833 permissu

188 2852 363 2918 Artaxersis
383 2855 523 2931 secundi,
547 2873 606 2920 non
627 2856 728 2932 illius,
757 2857 811 2938 qui
830 2856 912 2920 inter
931 2857 1008 2920 duos
1028 2857 1138 2922 Xerses
1159 2855 1235 2931 luit,
1257 2854 1311 2918 sed

187 2956 295 3032 haine,
310 2957 364 3038 qui
379 2957 472 3020 Dario
488 2945 571 3021 O'chc
586 2961 787 3035 successerat,
808 2958 979 3041 Babylonia
991 2957 1145 3039 profectus
1158 2957 1312 3039 multique

188 3077 259 3124 cum
285 3060 383 3124 secuti
399 3060 645 3143 Hierosolymam
663 3080 832 3142 peruenere
846 3079 920 3126 uasa
934 3060 1048 3124 dinami
1062 3061 1162 3143 operis
1176 3063 1208 3124 et
1222 3060 1310 3136 dona,

153 3187 179 3229 a
188 3180 266 3243 quac
281 3182 333 3226 rer
346 3163 462 3244 templo
477 3163 536 3226 Dei
550 3163 687 3240 miserat,
718 3182 788 3228 cum
803 3183 855 3228 xn
870 3163 1004 3227 Leuitis:
1024 3163 1077 3227 uix
1091 3162 1174 3227 enim
1188 3162 1238 3226 hic
1250 3180 1339 3234 nu-4

187 3283 290 3328 merus
306 3284 341 3329 ex
355 3265 410 3329 illa
426 3266 510 3329 tribu
524 3269 662 3346 repertus
677 3267 822 3332 traditur.
852 3266 879 3329 is
900 3285 971 3330 cum
992 3265 1240 3347 deprehendisset
1254 3265 1307 3328 lu-

187 3366 277 3430 daeos
301 3367 466 3450 gentilium
477 3369 614 3432 conubiis
626 3369 802 3450 permixtos,
826 3367 935 3432 multis
951 3367 1115 3449 increpitos
1131 3368 1307 3433 renuntiare

291 3604 327 3660 12
345 3605 411 3658 Esra
428 3605 454 3662 6.
490 3605 528 3662 23
546 3605 613 3658 Esra
631 3605 649 3660 7
668 3621 705 3674 sq.
743 3605 781 3661 26
800 3605 867 3658 Esra
884 3605 903 3662 9
921 3621 960 3674 sq.

236 3829 254 3884 3
272 3827 439 3882 merainimus
451 3829 490 3882 P:
503 3827 662 3880 mentionem
675 3827 784 3881 fecimus
798 3829 814 3882 b
862 3827 880 3884 6
892 3829 969 3882 annis
981 3845 1033 3882 uno
1045 3845 1106 3882 acc:
1119 3844 1201 3882 annos
1212 3833 1267 3881 und
1280 3828 1308 3881 P

236 3914 428 3982 ”lSucdianusl
441 3914 524 3982 aalys
536 3911 683 3982 Sogdianus
735 3913 904 3982 9adcmptus
922 3916 950 3969 P
1002 3914 1037 3970 11
1055 3913 1202 3968 doctmonte
1214 3913 1307 3967 ammi-

184 4001 313 4054 rationem
332 4001 359 4053 P
431 3999 467 4055 12
486 3999 651 4066 concupisset
675 4000 791 4053 malebat
813 4000 847 4053 de
864 4000 953 4053 Proto
1029 3999 1066 4056 14
1082 4000 1225 4068 imperaret
1241 4001 1306 4054 utb

185 4086 222 4143 16
240 4087 345 4155 ceperat
358 4085 385 4139 P
435 4084 472 4139 21
491 4089 545 4136 und
557 4083 589 4136 dc
601 4097 656 4137 nx.
670 4100 751 4137 annos
764 4085 803 4138 P:
821 4102 902 4138 unum
914 4084 946 4139 dc
960 4101 1000 4139 xx
1011 4084 1088 4138 annis
1100 4085 1115 4139 b
1128 4084 1307 4153 (undeuiginti

182 4171 327 4240 dePrato)
391 4169 650 4226 reomanensi>
711 4170 749 4226 23
761 4170 836 4223 dario
847 4170 935 4226 choP
958 4173 971 4238 ΙΙ
992 4170 1123 4238 multique
1142 4187 1202 4223 curn
1222 4171 1308 4224 secuti

182 4257 392 4326 Hierosolymam
402 4271 542 4324 peruenere
563 4269 628 4307 ussa
649 4254 749 4308 diuersi
766 4257 854 4324 operis
865 4257 977 4324 scripsi:
993 4255 1138 4323 multisque
1150 4271 1210 4309 curn
1221 4257 1307 4309 secuti

182 4343 379 4396 hierosolimam
400 4355 541 4409 peruenere
563 4355 628 4393 uasa
648 4339 747 4393 diuersi
767 4341 854 4409 operis
875 4343 913 4405 P,
936 4341 1081 4409 multisque
1097 4357 1157 4394 cum
1177 4342 1304 4410 sequutis,

182 4428 392 4496 Hierosolymam
403 4441 551 4495 peruenere.
571 4425 642 4478 Vasa
653 4439 754 4493 quoque
766 4426 868 4479 diuersi
878 4427 992 4495 operisb
1042 4425 1080 4481 27
1093 4427 1255 4481 cocccnubiis
1268 4429 1303 4490 P,

183 4513 322 4568 connubiis
335 4513 394 4568 cdd.

1080 4597 1101 4662 5
