<?xml version="1.0" encoding="UTF-8"?>
<!DOCTYPE html PUBLIC "-//W3C//DTD XHTML 1.0 Transitional//EN"
    "http://www.w3.org/TR/xhtml1/DTD/xhtml1-transitional.dtd">
<html xmlns="http://www.w3.org/1999/xhtml" xml:lang="en" lang="en">
 <head>
  <title>
</title>
<meta http-equiv="Content-Type" content="text/html;charset=utf-8" />
  <meta name='ocr-system' content='tesseract 3.04.00' />
  <meta name='ocr-capabilities' content='ocr_page ocr_carea ocr_par ocr_line ocrx_word'/>
</head>
<body>
  <div class='ocr_page' id='page_1' title='image "./corpusscriptoru12wissgoog_0362.png"; bbox 0 0 3300 5142; ppageno 0'>
   <div class='ocr_carea' id='block_1_1' title="bbox 796 311 896 344">
    <p class='ocr_par' dir='ltr' id='par_1_1' title="bbox 796 311 896 344">
     <span class='ocr_line' id='line_1_1' title="bbox 796 311 896 344; baseline 0 -12"><span class='ocrx_word' id='word_1_1' title='bbox 796 311 809 344; x_wconf 52' lang='lat' dir='ltr'>Q</span> <span class='ocrx_word' id='word_1_2' title='bbox 891 325 896 332; x_wconf 91' lang='lat'>.</span> 
     </span>
    </p>
   </div>
   <div class='ocr_carea' id='block_1_2' title="bbox 340 501 1040 571">
    <p class='ocr_par' dir='ltr' id='par_1_2' title="bbox 340 501 1040 571">
     <span class='ocr_line' id='line_1_2' title="bbox 340 501 1040 571; baseline 0 -17"><span class='ocrx_word' id='word_1_3' title='bbox 340 507 384 571; x_wconf 74' lang='lat'><strong>26</strong></span> <span class='ocrx_word' id='word_1_4' title='bbox 749 501 893 556; x_wconf 78' lang='lat' dir='ltr'><strong>Minucii</strong></span> <span class='ocrx_word' id='word_1_5' title='bbox 911 501 1040 556; x_wconf 76' lang='lat' dir='ltr'><strong>Felicis</strong></span> 
     </span>
    </p>
   </div>
   <div class='ocr_carea' id='block_1_3' title="bbox 253 657 1602 2604">
    <p class='ocr_par' dir='ltr' id='par_1_3' title="bbox 253 657 1602 2604">
     <span class='ocr_line' id='line_1_3' title="bbox 340 657 1483 740; baseline -0.001 -15"><span class='ocrx_word' id='word_1_6' title='bbox 340 659 554 726; x_wconf 78' lang='lat' dir='ltr'><strong>lesins&#39;l&#39;halce</strong></span> <span class='ocrx_word' id='word_1_7' title='bbox 565 677 669 724; x_wconf 87' lang='lat' dir='ltr'><strong>rerum</strong></span> <span class='ocrx_word' id='word_1_8' title='bbox 676 658 803 722; x_wconf 90' lang='lat' dir='ltr'><strong>initium</strong></span> <span class='ocrx_word' id='word_1_9' title='bbox 812 675 925 740; x_wconf 86' lang='lat' dir='ltr'><strong>aquam</strong></span> <span class='ocrx_word' id='word_1_10' title='bbox 936 657 1025 735; x_wconf 82' lang='lat' dir='ltr'><strong>dixit,</strong></span> <span class='ocrx_word' id='word_1_11' title='bbox 1036 658 1129 724; x_wconf 91' lang='lat' dir='ltr'><strong>deum</strong></span> <span class='ocrx_word' id='word_1_12' title='bbox 1141 661 1246 724; x_wconf 89' lang='lat' dir='ltr'><strong>autem</strong></span> <span class='ocrx_word' id='word_1_13' title='bbox 1257 661 1483 724; x_wconf 83' lang='lat' dir='ltr'><strong>eammentem</strong></span> 
     </span>
     <span class='ocr_line' id='line_1_4' title="bbox 340 760 1483 848; baseline -0.001 -19"><span class='ocrx_word' id='word_1_14' title='bbox 340 782 419 848; x_wconf 88' lang='lat' dir='ltr'><strong>quae</strong></span> <span class='ocrx_word' id='word_1_15' title='bbox 433 783 470 828; x_wconf 82' lang='lat' dir='ltr'><strong>ex</strong></span> <span class='ocrx_word' id='word_1_16' title='bbox 485 783 567 846; x_wconf 88' lang='lat' dir='ltr'><strong>aqua</strong></span> <span class='ocrx_word' id='word_1_17' title='bbox 580 764 692 827; x_wconf 86' lang='lat' dir='ltr'><strong>cuncta</strong></span> <span class='ocrx_word' id='word_1_18' title='bbox 706 760 905 827; x_wconf 81' lang='lat' dir='ltr'><strong>formauerit:</strong></span> <span class='ocrx_word' id='word_1_19' title='bbox 932 761 982 843; x_wconf 93' lang='lat' dir='ltr'><strong>[eo</strong></span> <span class='ocrx_word' id='word_1_20' title='bbox 996 761 1089 826; x_wconf 88' lang='lat' dir='ltr'><strong>altior</strong></span> <span class='ocrx_word' id='word_1_21' title='bbox 1103 763 1135 826; x_wconf 89' lang='lat' dir='ltr'><strong>et</strong></span> <span class='ocrx_word' id='word_1_22' title='bbox 1148 761 1312 826; x_wconf 84' lang='lat' dir='ltr'><strong>sublimior</strong></span> <span class='ocrx_word' id='word_1_23' title='bbox 1324 781 1424 846; x_wconf 86' lang='lat' dir='ltr'><strong>aquae</strong></span> <span class='ocrx_word' id='word_1_24' title='bbox 1445 765 1483 828; x_wconf 89' lang='lat' dir='ltr'><strong>et</strong></span> 
     </span>
     <span class='ocr_line' id='line_1_5' title="bbox 339 864 1482 951; baseline -0.002 -18"><span class='ocrx_word' id='word_1_25' title='bbox 339 868 469 951; x_wconf 87' lang='lat' dir='ltr'><strong>spiritus</strong></span> <span class='ocrx_word' id='word_1_26' title='bbox 483 867 573 944; x_wconf 87' lang='lat' dir='ltr'><strong>ratio,</strong></span> <span class='ocrx_word' id='word_1_27' title='bbox 603 884 697 948; x_wconf 90' lang='lat' dir='ltr'><strong>quam</strong></span> <span class='ocrx_word' id='word_1_28' title='bbox 710 867 748 930; x_wconf 91' lang='lat' dir='ltr'><strong>nt</strong></span> <span class='ocrx_word' id='word_1_29' title='bbox 761 865 801 929; x_wconf 89' lang='lat' dir='ltr'><strong>ab</strong></span> <span class='ocrx_word' id='word_1_30' title='bbox 815 864 940 930; x_wconf 89' lang='lat' dir='ltr'><strong>homine</strong></span> <span class='ocrx_word' id='word_1_31' title='bbox 955 865 1090 949; x_wconf 90' lang='lat' dir='ltr'><strong>potuerit</strong></span> <span class='ocrx_word' id='word_1_32' title='bbox 1105 865 1251 943; x_wconf 74' lang='lat' dir='ltr'><strong>moerin,</strong></span> <span class='ocrx_word' id='word_1_33' title='bbox 1266 885 1286 930; x_wconf 90' lang='lat' dir='ltr'><strong>a</strong></span> <span class='ocrx_word' id='word_1_34' title='bbox 1300 866 1356 930; x_wconf 92' lang='lat' dir='ltr'><strong>deo</strong></span> <span class='ocrx_word' id='word_1_35' title='bbox 1370 866 1482 931; x_wconf 86' lang='lat' dir='ltr'><strong>tradi-</strong></span> 
     </span>
     <span class='ocr_line' id='line_1_6' title="bbox 339 969 1480 1055; baseline -0.002 -18"><span class='ocrx_word' id='word_1_36' title='bbox 339 973 440 1055; x_wconf 91' lang='lat' dir='ltr'><strong>tum]:</strong></span> <span class='ocrx_word' id='word_1_37' title='bbox 470 970 559 1036; x_wconf 88' lang='lat' dir='ltr'><strong>uides</strong></span> <span class='ocrx_word' id='word_1_38' title='bbox 581 969 755 1052; x_wconf 82' lang='lat' dir='ltr'><strong>philosophi</strong></span> <span class='ocrx_word' id='word_1_39' title='bbox 775 969 956 1051; x_wconf 86' lang='lat' dir='ltr'><strong>principalis</strong></span> <span class='ocrx_word' id='word_1_40' title='bbox 978 970 1138 1034; x_wconf 88' lang='lat' dir='ltr'><strong>nobiscum</strong></span> <span class='ocrx_word' id='word_1_41' title='bbox 1157 971 1281 1052; x_wconf 88' lang='lat' dir='ltr'><strong>penitus</strong></span> <span class='ocrx_word' id='word_1_42' title='bbox 1295 969 1480 1054; x_wconf 72' lang='lat' dir='ltr'><strong>opinionem</strong></span> 
     </span>
     <span class='ocr_line' id='line_1_7' title="bbox 311 1073 1514 1159; baseline -0.003 -18"><span class='ocrx_word' id='word_1_43' title='bbox 311 1094 512 1152; x_wconf 70' lang='lat' dir='ltr'><strong>eoonsonare.</strong></span> <span class='ocrx_word' id='word_1_44' title='bbox 524 1075 731 1140; x_wconf 62' lang='lat' dir='ltr'><strong>Anaximene</strong></span> <span class='ocrx_word' id='word_1_45' title='bbox 740 1073 883 1156; x_wconf 84' lang='lat' dir='ltr'><strong>deinceps</strong></span> <span class='ocrx_word' id='word_1_46' title='bbox 897 1075 928 1137; x_wconf 89' lang='lat' dir='ltr'><strong>et</strong></span> <span class='ocrx_word' id='word_1_47' title='bbox 941 1073 1228 1156; x_wconf 83' lang='lat' dir='ltr'><strong>postApolloniates</strong></span> <span class='ocrx_word' id='word_1_48' title='bbox 1234 1074 1388 1159; x_wconf 88' lang='lat' dir='ltr'><strong>Diogenes</strong></span> <span class='ocrx_word' id='word_1_49' title='bbox 1399 1079 1481 1140; x_wconf 70' lang='lat' dir='ltr'><strong>aera</strong></span> <span class='ocrx_word' id='word_1_50' title='bbox 1502 1099 1514 1137; x_wconf 78' lang='lat' dir='ltr'><strong>s</strong></span> 
     </span>
     <span class='ocr_line' id='line_1_8' title="bbox 339 1175 1481 1260; baseline -0.002 -16"><span class='ocrx_word' id='word_1_51' title='bbox 339 1179 433 1244; x_wconf 90' lang='lat' dir='ltr'><strong>deum</strong></span> <span class='ocrx_word' id='word_1_52' title='bbox 447 1177 591 1242; x_wconf 85' lang='lat' dir='ltr'><strong>statuunt</strong></span> <span class='ocrx_word' id='word_1_53' title='bbox 604 1175 762 1241; x_wconf 87' lang='lat' dir='ltr'><strong>inlinitum</strong></span> <span class='ocrx_word' id='word_1_54' title='bbox 776 1177 809 1241; x_wconf 91' lang='lat' dir='ltr'><strong>et</strong></span> <span class='ocrx_word' id='word_1_55' title='bbox 822 1176 1014 1241; x_wconf 89' lang='lat' dir='ltr'><strong>inmensum:</strong></span> <span class='ocrx_word' id='word_1_56' title='bbox 1041 1176 1150 1241; x_wconf 91' lang='lat' dir='ltr'><strong>horum</strong></span> <span class='ocrx_word' id='word_1_57' title='bbox 1170 1195 1290 1260; x_wconf 90' lang='lat' dir='ltr'><strong>quoqne</strong></span> <span class='ocrx_word' id='word_1_58' title='bbox 1304 1177 1419 1242; x_wconf 89' lang='lat' dir='ltr'><strong>similis</strong></span> <span class='ocrx_word' id='word_1_59' title='bbox 1437 1177 1481 1242; x_wconf 87' lang='lat' dir='ltr'><strong>de</strong></span> 
     </span>
     <span class='ocr_line' id='line_1_9' title="bbox 312 1273 1593 1364; baseline -0.005 -13"><span class='ocrx_word' id='word_1_60' title='bbox 312 1283 507 1351; x_wconf 78' lang='lat' dir='ltr'><strong>edininitate</strong></span> <span class='ocrx_word' id='word_1_61' title='bbox 520 1281 676 1346; x_wconf 87' lang='lat' dir='ltr'><strong>consensio</strong></span> <span class='ocrx_word' id='word_1_62' title='bbox 691 1282 748 1346; x_wconf 87' lang='lat' dir='ltr'><strong>est.</strong></span> <span class='ocrx_word' id='word_1_63' title='bbox 775 1280 975 1364; x_wconf 67' lang='lat' dir='ltr'><strong>ermagorae</strong></span> <span class='ocrx_word' id='word_1_64' title='bbox 990 1297 1063 1345; x_wconf 91' lang='lat' dir='ltr'><strong>uero</strong></span> <span class='ocrx_word' id='word_1_65' title='bbox 1078 1279 1242 1364; x_wconf 75' lang='lat' dir='ltr'><strong>descriptio</strong></span> <span class='ocrx_word' id='word_1_66' title='bbox 1258 1283 1290 1347; x_wconf 93' lang='lat' dir='ltr'><strong>et</strong></span> <span class='ocrx_word' id='word_1_67' title='bbox 1303 1283 1408 1346; x_wconf 88' lang='lat' dir='ltr'><strong>motus</strong></span> <span class='ocrx_word' id='word_1_68' title='bbox 1423 1281 1482 1345; x_wconf 92' lang='lat' dir='ltr'><strong>in-</strong></span> <span class='ocrx_word' id='word_1_69' title='bbox 1592 1273 1593 1276; x_wconf 66' lang='grc'>’</span> 
     </span>
     <span class='ocr_line' id='line_1_10' title="bbox 341 1384 1482 1468; baseline -0.002 -18"><span class='ocrx_word' id='word_1_70' title='bbox 341 1385 448 1450; x_wconf 85' lang='lat' dir='ltr'><strong>linitae</strong></span> <span class='ocrx_word' id='word_1_71' title='bbox 460 1384 573 1450; x_wconf 90' lang='lat' dir='ltr'><strong>mentis</strong></span> <span class='ocrx_word' id='word_1_72' title='bbox 584 1384 659 1450; x_wconf 89' lang='lat' dir='ltr'><strong>deus</strong></span> <span class='ocrx_word' id='word_1_73' title='bbox 673 1384 798 1463; x_wconf 89' lang='lat' dir='ltr'><strong>dicitur,</strong></span> <span class='ocrx_word' id='word_1_74' title='bbox 814 1385 846 1448; x_wconf 92' lang='lat' dir='ltr'><strong>et</strong></span> <span class='ocrx_word' id='word_1_75' title='bbox 854 1384 1049 1468; x_wconf 81' lang='lat' dir='ltr'><strong>Pythagorae</strong></span> <span class='ocrx_word' id='word_1_76' title='bbox 1059 1385 1133 1449; x_wconf 87' lang='lat' dir='ltr'><strong>deus</strong></span> <span class='ocrx_word' id='word_1_77' title='bbox 1145 1386 1192 1450; x_wconf 88' lang='lat' dir='ltr'><strong>cet</strong></span> <span class='ocrx_word' id='word_1_78' title='bbox 1203 1384 1326 1450; x_wconf 89' lang='lat' dir='ltr'><strong>animus</strong></span> <span class='ocrx_word' id='word_1_79' title='bbox 1336 1403 1391 1466; x_wconf 92' lang='lat' dir='ltr'><strong>per</strong></span> <span class='ocrx_word' id='word_1_80' title='bbox 1402 1385 1482 1448; x_wconf 90' lang='lat' dir='ltr'><strong>nni-</strong></span> 
     </span>
     <span class='ocr_line' id='line_1_11' title="bbox 341 1488 1482 1571; baseline 0.001 -18"><span class='ocrx_word' id='word_1_81' title='bbox 341 1506 464 1553; x_wconf 85' lang='lat' dir='ltr'><strong>uersam</strong></span> <span class='ocrx_word' id='word_1_82' title='bbox 478 1506 581 1553; x_wconf 89' lang='lat' dir='ltr'><strong>rerum</strong></span> <span class='ocrx_word' id='word_1_83' title='bbox 595 1489 739 1554; x_wconf 92' lang='lat' dir='ltr'><strong>naturam</strong></span> <span class='ocrx_word' id='word_1_84' title='bbox 753 1505 927 1552; x_wconf 77' lang='lat' dir='ltr'><strong>mmmeans</strong></span> <span class='ocrx_word' id='word_1_85' title='bbox 942 1490 973 1552; x_wconf 91' lang='lat' dir='ltr'><strong>et</strong></span> <span class='ocrx_word' id='word_1_86' title='bbox 988 1488 1142 1566; x_wconf 87' lang='lat' dir='ltr'><strong>intentus,</strong></span> <span class='ocrx_word' id='word_1_87' title='bbox 1168 1507 1204 1553; x_wconf 86' lang='lat' dir='ltr'><strong>ex</strong></span> <span class='ocrx_word' id='word_1_88' title='bbox 1219 1506 1280 1571; x_wconf 91' lang='lat' dir='ltr'><strong>quo</strong></span> <span class='ocrx_word' id='word_1_89' title='bbox 1294 1489 1391 1554; x_wconf 83' lang='lat' dir='ltr'><strong>eham</strong></span> <span class='ocrx_word' id='word_1_90' title='bbox 1405 1489 1482 1554; x_wconf 87' lang='lat' dir='ltr'><strong>ani-</strong></span> 
     </span>
     <span class='ocr_line' id='line_1_12' title="bbox 313 1591 1516 1674; baseline -0.001 -24"><span class='ocrx_word' id='word_1_91' title='bbox 313 1591 472 1657; x_wconf 78' lang='lat' dir='ltr'><strong>tmalium</strong></span> <span class='ocrx_word' id='word_1_92' title='bbox 487 1591 626 1656; x_wconf 92' lang='lat' dir='ltr'><strong>omnium</strong></span> <span class='ocrx_word' id='word_1_93' title='bbox 640 1591 709 1657; x_wconf 88' lang='lat' dir='ltr'><strong>uita</strong></span> <span class='ocrx_word' id='word_1_94' title='bbox 722 1591 873 1674; x_wconf 85' lang='lat' dir='ltr'><strong>capiatur.</strong></span> <span class='ocrx_word' id='word_1_95' title='bbox 896 1591 1101 1673; x_wconf 82' lang='lat' dir='ltr'><strong>Xenophanen</strong></span> <span class='ocrx_word' id='word_1_96' title='bbox 1111 1593 1220 1656; x_wconf 91' lang='lat' dir='ltr'><strong>notum</strong></span> <span class='ocrx_word' id='word_1_97' title='bbox 1234 1593 1283 1656; x_wconf 90' lang='lat' dir='ltr'><strong>est</strong></span> <span class='ocrx_word' id='word_1_98' title='bbox 1297 1609 1387 1657; x_wconf 92' lang='lat' dir='ltr'><strong>omne</strong></span> <span class='ocrx_word' id='word_1_99' title='bbox 1402 1592 1481 1657; x_wconf 87' lang='lat' dir='ltr'><strong>infi-</strong></span> <span class='ocrx_word' id='word_1_100' title='bbox 1491 1611 1516 1650; x_wconf 81' lang='lat' dir='ltr'><strong>lo</strong></span> 
     </span>
     <span class='ocr_line' id='line_1_13' title="bbox 340 1694 1600 1794; baseline 0.001 -34"><span class='ocrx_word' id='word_1_101' title='bbox 340 1695 445 1760; x_wconf 90' lang='lat' dir='ltr'><strong>nitum</strong></span> <span class='ocrx_word' id='word_1_102' title='bbox 458 1713 530 1760; x_wconf 87' lang='lat' dir='ltr'><strong>eum</strong></span> <span class='ocrx_word' id='word_1_103' title='bbox 550 1696 654 1761; x_wconf 88' lang='lat' dir='ltr'><strong>mente</strong></span> <span class='ocrx_word' id='word_1_104' title='bbox 668 1694 762 1759; x_wconf 89' lang='lat' dir='ltr'><strong>doum</strong></span> <span class='ocrx_word' id='word_1_105' title='bbox 776 1694 913 1772; x_wconf 67' lang='lat' dir='ltr'><strong>madere,</strong></span> <span class='ocrx_word' id='word_1_106' title='bbox 944 1696 975 1760; x_wconf 89' lang='lat' dir='ltr'><strong>et</strong></span> <span class='ocrx_word' id='word_1_107' title='bbox 990 1694 1196 1760; x_wconf 79' lang='lat' dir='ltr'><strong>Antisthenen</strong></span> <span class='ocrx_word' id='word_1_108' title='bbox 1215 1696 1377 1779; x_wconf 82' lang='lat' dir='ltr'><strong>populares</strong></span> <span class='ocrx_word' id='word_1_109' title='bbox 1400 1696 1481 1762; x_wconf 85' lang='lat' dir='ltr'><strong>deos</strong></span> <span class='ocrx_word' id='word_1_110' title='bbox 1599 1766 1600 1794; x_wconf 23' lang='lat'>¹</span> 
     </span>
     <span class='ocr_line' id='line_1_14' title="bbox 340 1797 1601 1886; baseline 0 -22"><span class='ocrx_word' id='word_1_111' title='bbox 340 1798 468 1876; x_wconf 87' lang='lat' dir='ltr'><strong>multos,</strong></span> <span class='ocrx_word' id='word_1_112' title='bbox 483 1798 537 1864; x_wconf 88' lang='lat' dir='ltr'><strong>eod</strong></span> <span class='ocrx_word' id='word_1_113' title='bbox 551 1797 726 1864; x_wconf 77' lang='lat' dir='ltr'><strong>naturalem</strong></span> <span class='ocrx_word' id='word_1_114' title='bbox 736 1816 834 1864; x_wconf 89' lang='lat' dir='ltr'><strong>unum</strong></span> <span class='ocrx_word' id='word_1_115' title='bbox 844 1798 1055 1881; x_wconf 84' lang='lat' dir='ltr'><strong>praecipuum,</strong></span> <span class='ocrx_word' id='word_1_116' title='bbox 1071 1797 1275 1881; x_wconf 85' lang='lat' dir='ltr'><strong>Speusippum</strong></span> <span class='ocrx_word' id='word_1_117' title='bbox 1287 1799 1353 1863; x_wconf 91' lang='lat' dir='ltr'><strong>uim</strong></span> <span class='ocrx_word' id='word_1_118' title='bbox 1365 1799 1481 1881; x_wconf 88' lang='lat' dir='ltr'><strong>[natu-</strong></span> <span class='ocrx_word' id='word_1_119' title='bbox 1599 1797 1601 1886; x_wconf 19' lang='grc' dir='ltr'><strong>ζ</strong></span> 
     </span>
     <span class='ocr_line' id='line_1_15' title="bbox 253 1901 1602 2000; baseline -0.002 -29"><span class='ocrx_word' id='word_1_120' title='bbox 253 1925 264 1942; x_wconf 58' lang='lat'><em>1</em></span> <span class='ocrx_word' id='word_1_121' title='bbox 312 1902 454 1985; x_wconf 78' lang='lat' dir='ltr'><strong>salom]</strong></span> <span class='ocrx_word' id='word_1_122' title='bbox 469 1901 646 1980; x_wconf 76' lang='lat' dir='ltr'><strong>animalem,</strong></span> <span class='ocrx_word' id='word_1_123' title='bbox 661 1901 837 1983; x_wconf 84' lang='lat' dir='ltr'><strong>quaomnia</strong></span> <span class='ocrx_word' id='word_1_124' title='bbox 851 1903 1008 1986; x_wconf 85' lang='lat' dir='ltr'><strong>regantur,</strong></span> <span class='ocrx_word' id='word_1_125' title='bbox 1023 1903 1124 1966; x_wconf 90' lang='lat' dir='ltr'><strong>Deum</strong></span> <span class='ocrx_word' id='word_1_126' title='bbox 1135 1919 1231 1968; x_wconf 88' lang='lat' dir='ltr'><strong>nosse.</strong></span> <span class='ocrx_word' id='word_1_127' title='bbox 1244 1902 1344 1983; x_wconf 81' lang='lat' dir='ltr'><strong>quid?</strong></span> <span class='ocrx_word' id='word_1_128' title='bbox 1358 1903 1481 1968; x_wconf 84' lang='lat' dir='ltr'><strong>Demo-</strong></span> <span class='ocrx_word' id='word_1_129' title='bbox 1601 1984 1602 2000; x_wconf 11' lang='grc' dir='ltr'>χ</span> 
     </span>
     <span class='ocr_line' id='line_1_16' title="bbox 342 2001 1602 2088; baseline -0.001 -17"><span class='ocrx_word' id='word_1_130' title='bbox 342 2006 456 2082; x_wconf 86' lang='lat' dir='ltr'><strong>oritus,</strong></span> <span class='ocrx_word' id='word_1_131' title='bbox 486 2005 631 2087; x_wconf 88' lang='lat' dir='ltr'><strong>quamuis</strong></span> <span class='ocrx_word' id='word_1_132' title='bbox 651 2007 828 2070; x_wconf 86' lang='lat' dir='ltr'><strong>atomorum</strong></span> <span class='ocrx_word' id='word_1_133' title='bbox 847 2005 966 2087; x_wconf 90' lang='lat' dir='ltr'><strong>primns</strong></span> <span class='ocrx_word' id='word_1_134' title='bbox 993 2005 1150 2083; x_wconf 91' lang='lat' dir='ltr'><strong>inuentor,</strong></span> <span class='ocrx_word' id='word_1_135' title='bbox 1174 2022 1271 2070; x_wconf 89' lang='lat' dir='ltr'><strong>nonne</strong></span> <span class='ocrx_word' id='word_1_136' title='bbox 1292 2004 1480 2088; x_wconf 87' lang='lat' dir='ltr'><strong>plerumque</strong></span> <span class='ocrx_word' id='word_1_137' title='bbox 1601 2001 1602 2004; x_wconf 67' lang='grc'>’</span> 
     </span>
     <span class='ocr_line' id='line_1_17' title="bbox 341 2107 1514 2193; baseline -0.003 -19"><span class='ocrx_word' id='word_1_138' title='bbox 341 2109 486 2174; x_wconf 86' lang='lat' dir='ltr'><strong>naturam</strong></span> <span class='ocrx_word' id='word_1_139' title='bbox 499 2125 577 2191; x_wconf 88' lang='lat' dir='ltr'><strong>quae</strong></span> <span class='ocrx_word' id='word_1_140' title='bbox 600 2107 752 2192; x_wconf 79' lang='lat' dir='ltr'><strong>imagines</strong></span> <span class='ocrx_word' id='word_1_141' title='bbox 767 2108 877 2174; x_wconf 81' lang='lat' dir='ltr'><strong>hmdat</strong></span> <span class='ocrx_word' id='word_1_142' title='bbox 892 2109 923 2174; x_wconf 90' lang='lat' dir='ltr'><strong>et</strong></span> <span class='ocrx_word' id='word_1_143' title='bbox 938 2109 1183 2193; x_wconf 82' lang='lat' dir='ltr'><strong>intellegentiam</strong></span> <span class='ocrx_word' id='word_1_144' title='bbox 1197 2108 1291 2174; x_wconf 88' lang='lat' dir='ltr'><strong>deum</strong></span> <span class='ocrx_word' id='word_1_145' title='bbox 1313 2108 1480 2190; x_wconf 82' lang='lat' dir='ltr'><strong>loquitur?</strong></span> <span class='ocrx_word' id='word_1_146' title='bbox 1489 2131 1514 2171; x_wconf 76' lang='lat' dir='ltr'><strong>rs</strong></span> 
     </span>
     <span class='ocr_line' id='line_1_18' title="bbox 342 2210 1481 2296; baseline 0 -18"><span class='ocrx_word' id='word_1_147' title='bbox 342 2210 467 2278; x_wconf 85' lang='lat' dir='ltr'><strong>Straton</strong></span> <span class='ocrx_word' id='word_1_148' title='bbox 481 2231 601 2295; x_wconf 88' lang='lat' dir='ltr'><strong>quoque</strong></span> <span class='ocrx_word' id='word_1_149' title='bbox 615 2213 648 2277; x_wconf 89' lang='lat' dir='ltr'><strong>et</strong></span> <span class='ocrx_word' id='word_1_150' title='bbox 662 2212 729 2296; x_wconf 88' lang='lat' dir='ltr'><strong>ipse</strong></span> <span class='ocrx_word' id='word_1_151' title='bbox 742 2213 907 2278; x_wconf 81' lang='lat' dir='ltr'><strong>naturam?</strong></span> <span class='ocrx_word' id='word_1_152' title='bbox 922 2212 1018 2277; x_wconf 89' lang='lat' dir='ltr'><strong>etium</strong></span> <span class='ocrx_word' id='word_1_153' title='bbox 1030 2213 1180 2295; x_wconf 83' lang='lat' dir='ltr'><strong>Epicurus</strong></span> <span class='ocrx_word' id='word_1_154' title='bbox 1190 2211 1253 2291; x_wconf 90' lang='lat' dir='ltr'><strong>ille,</strong></span> <span class='ocrx_word' id='word_1_155' title='bbox 1269 2213 1323 2296; x_wconf 90' lang='lat' dir='ltr'><strong>qui</strong></span> <span class='ocrx_word' id='word_1_156' title='bbox 1335 2213 1410 2276; x_wconf 90' lang='lat' dir='ltr'><strong>deos</strong></span> <span class='ocrx_word' id='word_1_157' title='bbox 1421 2217 1481 2278; x_wconf 86' lang='lat' dir='ltr'><strong>aut</strong></span> 
     </span>
     <span class='ocr_line' id='line_1_19' title="bbox 313 2315 1480 2400; baseline 0 -18"><span class='ocrx_word' id='word_1_158' title='bbox 313 2316 456 2382; x_wconf 79' lang='lat' dir='ltr'><strong>sotiosoo</strong></span> <span class='ocrx_word' id='word_1_159' title='bbox 470 2315 563 2400; x_wconf 80' lang='lat' dir='ltr'><strong>lingit</strong></span> <span class='ocrx_word' id='word_1_160' title='bbox 577 2317 633 2381; x_wconf 90' lang='lat' dir='ltr'><strong>aut</strong></span> <span class='ocrx_word' id='word_1_161' title='bbox 646 2315 764 2394; x_wconf 91' lang='lat' dir='ltr'><strong>nullos,</strong></span> <span class='ocrx_word' id='word_1_162' title='bbox 784 2317 928 2382; x_wconf 86' lang='lat' dir='ltr'><strong>naturam</strong></span> <span class='ocrx_word' id='word_1_163' title='bbox 949 2318 1053 2382; x_wconf 70' lang='lat' dir='ltr'><strong>minen</strong></span> <span class='ocrx_word' id='word_1_164' title='bbox 1073 2317 1259 2398; x_wconf 90' lang='lat' dir='ltr'><strong>superponit.</strong></span> <span class='ocrx_word' id='word_1_165' title='bbox 1289 2315 1480 2382; x_wconf 83' lang='lat' dir='ltr'><strong>Aristoteles</strong></span> 
     </span>
     <span class='ocr_line' id='line_1_20' title="bbox 342 2418 1479 2503; baseline -0.002 -17"><span class='ocrx_word' id='word_1_166' title='bbox 342 2420 444 2486; x_wconf 78' lang='lat' dir='ltr'><strong>uenat</strong></span> <span class='ocrx_word' id='word_1_167' title='bbox 459 2422 491 2485; x_wconf 91' lang='lat' dir='ltr'><strong>et</strong></span> <span class='ocrx_word' id='word_1_168' title='bbox 505 2419 651 2502; x_wconf 82' lang='lat' dir='ltr'><strong>adsignat</strong></span> <span class='ocrx_word' id='word_1_169' title='bbox 664 2420 769 2485; x_wconf 66' lang='lat' dir='ltr'><strong>umen</strong></span> <span class='ocrx_word' id='word_1_170' title='bbox 780 2438 875 2486; x_wconf 86' lang='lat' dir='ltr'><strong>unam</strong></span> <span class='ocrx_word' id='word_1_171' title='bbox 888 2420 1089 2503; x_wconf 89' lang='lat' dir='ltr'><strong>potestatem:</strong></span> <span class='ocrx_word' id='word_1_172' title='bbox 1104 2437 1175 2484; x_wconf 90' lang='lat' dir='ltr'><strong>nam</strong></span> <span class='ocrx_word' id='word_1_173' title='bbox 1188 2418 1314 2484; x_wconf 89' lang='lat' dir='ltr'><strong>interim</strong></span> <span class='ocrx_word' id='word_1_174' title='bbox 1325 2421 1479 2494; x_wconf 88' lang='lat' dir='ltr'><strong>mentem,</strong></span> 
     </span>
     <span class='ocr_line' id='line_1_21' title="bbox 342 2521 1480 2604; baseline 0 -16"><span class='ocrx_word' id='word_1_175' title='bbox 342 2522 492 2588; x_wconf 87' lang='lat' dir='ltr'><strong>mundum</strong></span> <span class='ocrx_word' id='word_1_176' title='bbox 505 2521 632 2586; x_wconf 91' lang='lat' dir='ltr'><strong>iuterim</strong></span> <span class='ocrx_word' id='word_1_177' title='bbox 640 2521 733 2587; x_wconf 91' lang='lat' dir='ltr'><strong>deum</strong></span> <span class='ocrx_word' id='word_1_178' title='bbox 744 2522 832 2602; x_wconf 89' lang='lat' dir='ltr'><strong>dicit,</strong></span> <span class='ocrx_word' id='word_1_179' title='bbox 845 2523 971 2588; x_wconf 80' lang='lat' dir='ltr'><strong>intenm</strong></span> <span class='ocrx_word' id='word_1_180' title='bbox 982 2525 1098 2589; x_wconf 91' lang='lat' dir='ltr'><strong>mundo</strong></span> <span class='ocrx_word' id='word_1_181' title='bbox 1109 2523 1202 2587; x_wconf 91' lang='lat' dir='ltr'><strong>deum</strong></span> <span class='ocrx_word' id='word_1_182' title='bbox 1212 2521 1360 2604; x_wconf 88' lang='lat' dir='ltr'><strong>praeficit.</strong></span> <span class='ocrx_word' id='word_1_183' title='bbox 1373 2523 1480 2588; x_wconf 84' lang='lat' dir='ltr'><strong>Hera-</strong></span> 
     </span>
    </p>
   </div>
   <div class='ocr_carea' id='block_1_4' title="bbox 343 2622 1515 2707">
    <p class='ocr_par' dir='ltr' id='par_1_4' title="bbox 343 2622 1515 2707">
     <span class='ocr_line' id='line_1_22' title="bbox 343 2622 1515 2707; baseline 0 -17"><span class='ocrx_word' id='word_1_184' title='bbox 343 2624 438 2690; x_wconf 83' lang='lat' dir='ltr'><strong>clides</strong></span> <span class='ocrx_word' id='word_1_185' title='bbox 453 2622 603 2688; x_wconf 91' lang='lat' dir='ltr'><strong>Ponticus</strong></span> <span class='ocrx_word' id='word_1_186' title='bbox 622 2643 743 2707; x_wconf 88' lang='lat' dir='ltr'><strong>quoque</strong></span> <span class='ocrx_word' id='word_1_187' title='bbox 762 2626 818 2691; x_wconf 90' lang='lat' dir='ltr'><strong>deo</strong></span> <span class='ocrx_word' id='word_1_188' title='bbox 841 2625 980 2692; x_wconf 91' lang='lat' dir='ltr'><strong>diuinam</strong></span> <span class='ocrx_word' id='word_1_189' title='bbox 1004 2627 1139 2692; x_wconf 88' lang='lat' dir='ltr'><strong>mentem</strong></span> <span class='ocrx_word' id='word_1_190' title='bbox 1153 2626 1298 2707; x_wconf 88' lang='lat' dir='ltr'><strong>quamuis</strong></span> <span class='ocrx_word' id='word_1_191' title='bbox 1317 2625 1405 2690; x_wconf 89' lang='lat' dir='ltr'><strong>uarie</strong></span> <span class='ocrx_word' id='word_1_192' title='bbox 1420 2625 1515 2690; x_wconf 80' lang='lat' dir='ltr'><strong>ad-ro</strong></span> 
     </span>
    </p>
   </div>
   <div class='ocr_carea' id='block_1_5' title="bbox 342 2811 1481 4609">
    <p class='ocr_par' dir='ltr' id='par_1_5' title="bbox 342 2811 1481 4609">
     <span class='ocr_line' id='line_1_23' title="bbox 394 2811 1479 2884; baseline 0.004 -20"><span class='ocrx_word' id='word_1_193' title='bbox 394 2811 413 2864; x_wconf 78' lang='lat'><strong>2</strong></span> <span class='ocrx_word' id='word_1_194' title='bbox 429 2826 460 2864; x_wconf 92' lang='lat' dir='ltr'><strong>eo</strong></span> <span class='ocrx_word' id='word_1_195' title='bbox 472 2811 500 2866; x_wconf 95' lang='lat' dir='ltr'><strong><em>P</em></strong></span> <span class='ocrx_word' id='word_1_196' title='bbox 510 2811 651 2867; x_wconf 73' lang='lat' dir='ltr'><strong>destincte:</strong></span> <span class='ocrx_word' id='word_1_197' title='bbox 663 2815 693 2867; x_wconf 88' lang='lat' dir='ltr'><strong>ct</strong></span> <span class='ocrx_word' id='word_1_198' title='bbox 704 2829 732 2878; x_wconf 90' lang='lat' dir='ltr'><strong>r,</strong></span> <span class='ocrx_word' id='word_1_199' title='bbox 745 2815 787 2868; x_wconf 87' lang='lat' dir='ltr'><strong>eet</strong></span> <span class='ocrx_word' id='word_1_200' title='bbox 803 2813 916 2879; x_wconf 82' lang='lat' dir='ltr'><strong>Vahlen,</strong></span> <span class='ocrx_word' id='word_1_201' title='bbox 929 2813 978 2868; x_wconf 90' lang='lat' dir='ltr'><strong>eho</strong></span> <span class='ocrx_word' id='word_1_202' title='bbox 987 2813 1138 2884; x_wconf 78' lang='lat' dir='ltr'><strong>Ripoitius,</strong></span> <span class='ocrx_word' id='word_1_203' title='bbox 1151 2829 1182 2866; x_wconf 88' lang='lat' dir='ltr'><strong>eu</strong></span> <span class='ocrx_word' id='word_1_204' title='bbox 1192 2812 1320 2880; x_wconf 57' lang='lat' dir='ltr'><strong>Hordea·</strong></span> <span class='ocrx_word' id='word_1_205' title='bbox 1333 2828 1383 2868; x_wconf 86' lang='lat' dir='ltr'><strong>nos</strong></span> <span class='ocrx_word' id='word_1_206' title='bbox 1396 2813 1479 2868; x_wconf 84' lang='lat' dir='ltr'><strong>colon</strong></span> 
     </span>
     <span class='ocr_line' id='line_1_24' title="bbox 343 2895 1479 2969; baseline 0.002 -18"><span class='ocrx_word' id='word_1_207' title='bbox 343 2913 406 2952; x_wconf 81' lang='lat' dir='ltr'><strong>cnm</strong></span> <span class='ocrx_word' id='word_1_208' title='bbox 417 2895 445 2951; x_wconf 86' lang='lat' dir='ltr'><strong>J.</strong></span> <span class='ocrx_word' id='word_1_209' title='bbox 455 2897 506 2952; x_wconf 83' lang='lat' dir='ltr'><strong>Fr.</strong></span> <span class='ocrx_word' id='word_1_210' title='bbox 524 2898 666 2954; x_wconf 81' lang='lat' dir='ltr'><strong>Gronour&#39;o</strong></span> <span class='ocrx_word' id='word_1_211' title='bbox 677 2899 768 2967; x_wconf 83' lang='lat' dir='ltr'><strong>(Obss.</strong></span> <span class='ocrx_word' id='word_1_212' title='bbox 780 2901 841 2954; x_wconf 81' lang='lat' dir='ltr'><strong>eccl.</strong></span> <span class='ocrx_word' id='word_1_213' title='bbox 853 2917 873 2954; x_wconf 89' lang='lat' dir='ltr'><strong>c.</strong></span> <span class='ocrx_word' id='word_1_214' title='bbox 888 2905 905 2954; x_wconf 85' lang='lat'><em>7</em></span> <span class='ocrx_word' id='word_1_215' title='bbox 913 2917 940 2968; x_wconf 85' lang='lat' dir='ltr'><strong>p.</strong></span> <span class='ocrx_word' id='word_1_216' title='bbox 952 2901 1003 2968; x_wconf 84' lang='grc'><strong>80)</strong></span> <span class='ocrx_word' id='word_1_217' title='bbox 1024 2906 1055 2954; x_wconf 83' lang='lat' dir='ltr'><strong>nt</strong></span> <span class='ocrx_word' id='word_1_218' title='bbox 1074 2900 1205 2969; x_wconf 74' lang='lat' dir='ltr'><strong>plossem</strong></span> <span class='ocrx_word' id='word_1_219' title='bbox 1226 2899 1385 2953; x_wconf 70' lang='lat' dir='ltr'><strong>inciae-simus</strong></span> <span class='ocrx_word' id='word_1_220' title='bbox 1398 2899 1479 2967; x_wconf 86' lang='lat' dir='ltr'><strong>(Cel-</strong></span> 
     </span>
     <span class='ocr_line' id='line_1_25' title="bbox 342 2983 1480 3055; baseline 0.001 -16"><span class='ocrx_word' id='word_1_221' title='bbox 342 2983 434 3039; x_wconf 83' lang='lat' dir='ltr'><strong>larr&#39;ns</strong></span> <span class='ocrx_word' id='word_1_222' title='bbox 448 2985 536 3040; x_wconf 83' lang='lat' dir='ltr'><strong>uerbo</strong></span> <span class='ocrx_word' id='word_1_223' title='bbox 550 2985 640 3039; x_wconf 83' lang='lat' dir='ltr'><strong>eodem</strong></span> <span class='ocrx_word' id='word_1_224' title='bbox 650 2985 793 3040; x_wconf 83' lang='lat' dir='ltr'><strong>Grononio</strong></span> <span class='ocrx_word' id='word_1_225' title='bbox 801 2993 956 3055; x_wconf 82' lang='lat' dir='ltr'><strong>praeeunte</strong></span> <span class='ocrx_word' id='word_1_226' title='bbox 967 2987 1006 3041; x_wconf 82' lang='lat' dir='ltr'><strong>sio</strong></span> <span class='ocrx_word' id='word_1_227' title='bbox 1018 2987 1204 3054; x_wconf 81' lang='lat' dir='ltr'><strong>transposuit:</strong></span> <span class='ocrx_word' id='word_1_228' title='bbox 1223 2986 1373 3054; x_wconf 89' lang='lat' dir='ltr'><strong>opinionem</strong></span> <span class='ocrx_word' id='word_1_229' title='bbox 1383 3001 1480 3040; x_wconf 85' lang='lat' dir='ltr'><strong>conso-</strong></span> 
     </span>
     <span class='ocr_line' id='line_1_26' title="bbox 342 3070 1478 3141; baseline 0.002 -17"><span class='ocrx_word' id='word_1_230' title='bbox 342 3085 414 3135; x_wconf 87' lang='lat' dir='ltr'><strong>nare,</strong></span> <span class='ocrx_word' id='word_1_231' title='bbox 428 3071 474 3126; x_wconf 85' lang='lat' dir='ltr'><strong>aed</strong></span> <span class='ocrx_word' id='word_1_232' title='bbox 482 3070 564 3124; x_wconf 84' lang='lat' dir='ltr'><strong>altior</strong></span> <span class='ocrx_word' id='word_1_233' title='bbox 573 3073 634 3141; x_wconf 87' lang='lat' dir='ltr'><strong>ete.)</strong></span> <span class='ocrx_word' id='word_1_234' title='bbox 680 3071 698 3128; x_wconf 85' lang='lat'><strong>3</strong></span> <span class='ocrx_word' id='word_1_235' title='bbox 710 3073 810 3141; x_wconf 84' lang='lat' dir='ltr'><strong>poterit</strong></span> <span class='ocrx_word' id='word_1_236' title='bbox 816 3073 860 3126; x_wconf 90' lang='lat' dir='ltr'><strong>Pr</strong></span> <span class='ocrx_word' id='word_1_237' title='bbox 871 3074 883 3140; x_wconf 90' lang='grc'><strong>11</strong></span> <span class='ocrx_word' id='word_1_238' title='bbox 900 3071 1031 3126; x_wconf 86' lang='lat' dir='ltr'><strong>traditum</strong></span> <span class='ocrx_word' id='word_1_239' title='bbox 1038 3073 1070 3135; x_wconf 89' lang='lat' dir='ltr'><strong>P,</strong></span> <span class='ocrx_word' id='word_1_240' title='bbox 1081 3071 1183 3126; x_wconf 85' lang='lat' dir='ltr'><strong>trudito</strong></span> <span class='ocrx_word' id='word_1_241' title='bbox 1192 3088 1214 3138; x_wconf 85' lang='lat' dir='ltr'><strong>r,</strong></span> <span class='ocrx_word' id='word_1_242' title='bbox 1224 3071 1343 3126; x_wconf 87' lang='lat' dir='ltr'><strong>traditur</strong></span> <span class='ocrx_word' id='word_1_243' title='bbox 1352 3073 1478 3140; x_wconf 77' lang='lat' dir='ltr'><strong>Vulrlen3</strong></span> 
     </span>
     <span class='ocr_line' id='line_1_27' title="bbox 343 3157 1443 3229; baseline 0 -17"><span class='ocrx_word' id='word_1_244' title='bbox 343 3157 457 3214; x_wconf 82' lang='lat' dir='ltr'><strong>lectione</strong></span> <span class='ocrx_word' id='word_1_245' title='bbox 477 3157 579 3212; x_wconf 68' lang='lat' dir='ltr'><strong>coeno</strong></span> <span class='ocrx_word' id='word_1_246' title='bbox 598 3159 723 3227; x_wconf 79' lang='lat' dir='ltr'><strong>pennino</strong></span> <span class='ocrx_word' id='word_1_247' title='bbox 742 3159 909 3228; x_wconf 75' lang='lat' dir='ltr'><strong>plossemotrs</strong></span> <span class='ocrx_word' id='word_1_248' title='bbox 928 3159 1048 3227; x_wconf 81' lang='lat' dir='ltr'><strong>suspicio</strong></span> <span class='ocrx_word' id='word_1_249' title='bbox 1069 3163 1189 3229; x_wconf 78' lang='lat' dir='ltr'><strong>cupetur</strong></span> <span class='ocrx_word' id='word_1_250' title='bbox 1240 3158 1401 3228; x_wconf 77' lang='lat' dir='ltr'><strong>4fi10s0phr</strong></span> <span class='ocrx_word' id='word_1_251' title='bbox 1414 3159 1443 3212; x_wconf 88' lang='lat' dir='ltr'><strong><em>P</em></strong></span> 
     </span>
     <span class='ocr_line' id='line_1_28' title="bbox 344 3243 1478 3316; baseline 0.001 -19"><span class='ocrx_word' id='word_1_252' title='bbox 344 3244 364 3304; x_wconf 77' lang='lat'><strong>5</strong></span> <span class='ocrx_word' id='word_1_253' title='bbox 382 3259 557 3298; x_wconf 86' lang='lat' dir='ltr'><strong>anaxamenee</strong></span> <span class='ocrx_word' id='word_1_254' title='bbox 570 3243 597 3298; x_wconf 90' lang='lat' dir='ltr'><em>P</em></span> <span class='ocrx_word' id='word_1_255' title='bbox 648 3244 666 3300; x_wconf 82' lang='lat'>7</span> <span class='ocrx_word' id='word_1_256' title='bbox 683 3245 857 3316; x_wconf 62' lang='lat' dir='ltr'><strong>Musagorus</strong></span> <span class='ocrx_word' id='word_1_257' title='bbox 869 3263 957 3300; x_wconf 90' lang='lat' dir='ltr'><strong>rorum</strong></span> <span class='ocrx_word' id='word_1_258' title='bbox 970 3245 1114 3315; x_wconf 87' lang='lat' dir='ltr'><strong>descriptio</strong></span> <span class='ocrx_word' id='word_1_259' title='bbox 1135 3249 1163 3298; x_wconf 90' lang='lat' dir='ltr'><strong>et</strong></span> <span class='ocrx_word' id='word_1_260' title='bbox 1193 3245 1284 3300; x_wconf 88' lang='lat' dir='ltr'><strong>modus</strong></span> <span class='ocrx_word' id='word_1_261' title='bbox 1305 3245 1352 3299; x_wconf 84' lang='lat' dir='ltr'><strong>inf.</strong></span> <span class='ocrx_word' id='word_1_262' title='bbox 1374 3245 1478 3298; x_wconf 88' lang='lat' dir='ltr'><strong>mentis</strong></span> 
     </span>
     <span class='ocr_line' id='line_1_29' title="bbox 343 3329 1479 3401; baseline 0.001 -17"><span class='ocrx_word' id='word_1_263' title='bbox 343 3344 409 3398; x_wconf 85' lang='lat' dir='ltr'><strong>opus</strong></span> <span class='ocrx_word' id='word_1_264' title='bbox 420 3329 520 3384; x_wconf 87' lang='lat' dir='ltr'><strong>dicitur</strong></span> <span class='ocrx_word' id='word_1_265' title='bbox 533 3329 656 3386; x_wconf 76' lang='lat' dir='ltr'><strong>Bouhier</strong></span> <span class='ocrx_word' id='word_1_266' title='bbox 671 3333 704 3386; x_wconf 84' lang='lat' dir='ltr'><strong>in</strong></span> <span class='ocrx_word' id='word_1_267' title='bbox 719 3332 822 3387; x_wconf 77' lang='lat' dir='ltr'><strong>Clerici</strong></span> <span class='ocrx_word' id='word_1_268' title='bbox 834 3333 907 3386; x_wconf 84' lang='lat' dir='ltr'><strong>Bihl.</strong></span> <span class='ocrx_word' id='word_1_269' title='bbox 920 3334 965 3388; x_wconf 82' lang='lat' dir='ltr'><strong>sel.</strong></span> <span class='ocrx_word' id='word_1_270' title='bbox 980 3334 1063 3401; x_wconf 86' lang='lat' dir='ltr'><strong><em>XVI,</em></strong></span> <span class='ocrx_word' id='word_1_271' title='bbox 1075 3335 1136 3387; x_wconf 78' lang='lat'><strong>222</strong></span> <span class='ocrx_word' id='word_1_272' title='bbox 1158 3335 1170 3401; x_wconf 74' lang='lat' dir='ltr'><strong>ll</strong></span> <span class='ocrx_word' id='word_1_273' title='bbox 1190 3335 1278 3386; x_wconf 90' lang='lat' dir='ltr'><strong>motus</strong></span> <span class='ocrx_word' id='word_1_274' title='bbox 1290 3331 1433 3386; x_wconf 73' lang='lat' dir='ltr'><strong>Menrsins</strong></span> <span class='ocrx_word' id='word_1_275' title='bbox 1448 3338 1479 3385; x_wconf 78' lang='lat' dir='ltr'><strong>ct</strong></span> 
     </span>
     <span class='ocr_line' id='line_1_30' title="bbox 344 3414 1441 3488; baseline 0 -18"><span class='ocrx_word' id='word_1_276' title='bbox 344 3414 499 3484; x_wconf 76' lang='lat' dir='ltr'><strong>Ripaltins:</strong></span> <span class='ocrx_word' id='word_1_277' title='bbox 512 3418 599 3470; x_wconf 84' lang='lat' dir='ltr'><strong>metus</strong></span> <span class='ocrx_word' id='word_1_278' title='bbox 606 3417 639 3481; x_wconf 87' lang='lat' dir='ltr'><strong>P,</strong></span> <span class='ocrx_word' id='word_1_279' title='bbox 653 3417 770 3472; x_wconf 88' lang='lat' dir='ltr'><strong>modusr</strong></span> <span class='ocrx_word' id='word_1_280' title='bbox 786 3421 798 3488; x_wconf 88' lang='grc' dir='ltr'><strong>ΙΙ</strong></span> <span class='ocrx_word' id='word_1_281' title='bbox 814 3419 914 3474; x_wconf 87' lang='lat' dir='ltr'><strong>mentis</strong></span> <span class='ocrx_word' id='word_1_282' title='bbox 926 3435 990 3488; x_wconf 87' lang='lat' dir='ltr'><strong>opus</strong></span> <span class='ocrx_word' id='word_1_283' title='bbox 1003 3419 1058 3488; x_wconf 83' lang='lat' dir='ltr'><strong>(nel</strong></span> <span class='ocrx_word' id='word_1_284' title='bbox 1071 3435 1104 3472; x_wconf 89' lang='lat' dir='ltr'><strong>m.</strong></span> <span class='ocrx_word' id='word_1_285' title='bbox 1119 3419 1187 3488; x_wconf 82' lang='lat' dir='ltr'><strong>esse)</strong></span> <span class='ocrx_word' id='word_1_286' title='bbox 1199 3417 1298 3472; x_wconf 90' lang='lat' dir='ltr'><strong>dicitur</strong></span> <span class='ocrx_word' id='word_1_287' title='bbox 1310 3416 1441 3471; x_wconf 67' lang='lat' dir='ltr'><strong>landem</strong></span> 
     </span>
     <span class='ocr_line' id='line_1_31' title="bbox 347 3499 1478 3574; baseline -0.001 -17"><span class='ocrx_word' id='word_1_288' title='bbox 347 3499 386 3558; x_wconf 91' lang='lat'><strong>10</strong></span> <span class='ocrx_word' id='word_1_289' title='bbox 397 3502 519 3570; x_wconf 85' lang='lat' dir='ltr'><strong>capiatur</strong></span> <span class='ocrx_word' id='word_1_290' title='bbox 536 3519 566 3557; x_wconf 89' lang='lat' dir='ltr'><strong>r:</strong></span> <span class='ocrx_word' id='word_1_291' title='bbox 580 3504 716 3572; x_wconf 86' lang='lat' dir='ltr'><strong>capitatur</strong></span> <span class='ocrx_word' id='word_1_292' title='bbox 729 3505 766 3570; x_wconf 90' lang='lat' dir='ltr'><strong>P,</strong></span> <span class='ocrx_word' id='word_1_293' title='bbox 789 3508 914 3574; x_wconf 84' lang='lat' dir='ltr'><strong>carpatur</strong></span> <span class='ocrx_word' id='word_1_294' title='bbox 928 3505 1033 3560; x_wconf 81' lang='lat' dir='ltr'><strong>Vahlen</strong></span> <span class='ocrx_word' id='word_1_295' title='bbox 1050 3505 1107 3560; x_wconf 85' lang='lat' dir='ltr'><strong>coll.</strong></span> <span class='ocrx_word' id='word_1_296' title='bbox 1126 3504 1180 3559; x_wconf 85' lang='lat' dir='ltr'><strong>Cic.</strong></span> <span class='ocrx_word' id='word_1_297' title='bbox 1194 3504 1227 3557; x_wconf 83' lang='lat' dir='ltr'><strong>de</strong></span> <span class='ocrx_word' id='word_1_298' title='bbox 1239 3503 1266 3558; x_wconf 78' lang='lat' dir='ltr'><strong>d.</strong></span> <span class='ocrx_word' id='word_1_299' title='bbox 1280 3509 1337 3558; x_wconf 86' lang='lat' dir='ltr'><strong>not.</strong></span> <span class='ocrx_word' id='word_1_300' title='bbox 1352 3503 1376 3570; x_wconf 88' lang='lat' dir='ltr'><strong>I,</strong></span> <span class='ocrx_word' id='word_1_301' title='bbox 1389 3503 1407 3570; x_wconf 63' lang='grc' dir='ltr'><strong>ἕ</strong></span> <span class='ocrx_word' id='word_1_302' title='bbox 1421 3505 1478 3568; x_wconf 77' lang='grc'><strong><em>27,-</em></strong></span> 
     </span>
     <span class='ocr_line' id='line_1_32' title="bbox 344 3587 1479 3660; baseline 0 -18"><span class='ocrx_word' id='word_1_303' title='bbox 344 3588 381 3654; x_wconf 78' lang='lat' dir='ltr'><strong>cf.</strong></span> <span class='ocrx_word' id='word_1_304' title='bbox 394 3587 525 3642; x_wconf 78' lang='lat' dir='ltr'><strong>Lactant.</strong></span> <span class='ocrx_word' id='word_1_305' title='bbox 539 3587 573 3642; x_wconf 92' lang='lat' dir='ltr'><strong>D.</strong></span> <span class='ocrx_word' id='word_1_306' title='bbox 585 3589 608 3642; x_wconf 90' lang='lat' dir='ltr'><strong>I.</strong></span> <span class='ocrx_word' id='word_1_307' title='bbox 622 3591 647 3659; x_wconf 88' lang='lat' dir='ltr'><strong>I,</strong></span> <span class='ocrx_word' id='word_1_308' title='bbox 660 3593 685 3654; x_wconf 83' lang='lat'><strong>5,</strong></span> <span class='ocrx_word' id='word_1_309' title='bbox 699 3595 733 3644; x_wconf 87' lang='lat'><strong>17</strong></span> <span class='ocrx_word' id='word_1_310' title='bbox 752 3593 763 3658; x_wconf 84' lang='grc' dir='ltr'><strong>ΙΙ</strong></span> <span class='ocrx_word' id='word_1_311' title='bbox 783 3591 928 3646; x_wconf 82' lang='lat' dir='ltr'><strong>xeonfanen</strong></span> <span class='ocrx_word' id='word_1_312' title='bbox 941 3592 980 3656; x_wconf 93' lang='lat' dir='ltr'><strong>P,</strong></span> <span class='ocrx_word' id='word_1_313' title='bbox 998 3591 1186 3660; x_wconf 83' lang='lat' dir='ltr'><strong>Xenophanem</strong></span> <span class='ocrx_word' id='word_1_314' title='bbox 1198 3607 1213 3643; x_wconf 91' lang='lat' dir='ltr'><strong>r</strong></span> <span class='ocrx_word' id='word_1_315' title='bbox 1267 3590 1302 3646; x_wconf 93' lang='grc'><strong>11</strong></span> <span class='ocrx_word' id='word_1_316' title='bbox 1323 3588 1479 3643; x_wconf 86' lang='lat' dir='ltr'><strong>autistonen</strong></span> 
     </span>
     <span class='ocr_line' id='line_1_33' title="bbox 347 3672 1481 3748; baseline 0.001 -20"><span class='ocrx_word' id='word_1_317' title='bbox 347 3673 382 3742; x_wconf 89' lang='lat' dir='ltr'><strong>P,</strong></span> <span class='ocrx_word' id='word_1_318' title='bbox 394 3672 612 3728; x_wconf 83' lang='lat' dir='ltr'><strong>Antisthenemr</strong></span> <span class='ocrx_word' id='word_1_319' title='bbox 665 3677 701 3733; x_wconf 79' lang='lat'><strong>12</strong></span> <span class='ocrx_word' id='word_1_320' title='bbox 720 3677 862 3746; x_wconf 83' lang='lat' dir='ltr'><strong>zeuxippus</strong></span> <span class='ocrx_word' id='word_1_321' title='bbox 876 3679 917 3744; x_wconf 88' lang='lat' dir='ltr'><strong>P,</strong></span> <span class='ocrx_word' id='word_1_322' title='bbox 936 3679 1093 3748; x_wconf 86' lang='lat' dir='ltr'><strong>speusippus</strong></span> <span class='ocrx_word' id='word_1_323' title='bbox 1105 3695 1135 3746; x_wconf 89' lang='lat' dir='ltr'><strong>r,</strong></span> <span class='ocrx_word' id='word_1_324' title='bbox 1162 3693 1209 3730; x_wconf 82' lang='lat' dir='ltr'><strong>ern.</strong></span> <span class='ocrx_word' id='word_1_325' title='bbox 1229 3675 1362 3730; x_wconf 78' lang='lat' dir='ltr'><strong>Gelenius</strong></span> <span class='ocrx_word' id='word_1_326' title='bbox 1384 3677 1396 3744; x_wconf 78' lang='lat' dir='ltr'><strong>l}</strong></span> <span class='ocrx_word' id='word_1_327' title='bbox 1419 3675 1481 3729; x_wconf 89' lang='lat' dir='ltr'><strong>uim</strong></span> 
     </span>
     <span class='ocr_line' id='line_1_34' title="bbox 347 3759 1480 3834; baseline 0.001 -21"><span class='ocrx_word' id='word_1_328' title='bbox 347 3759 490 3814; x_wconf 81' lang='lat' dir='ltr'><strong>animalem</strong></span> <span class='ocrx_word' id='word_1_329' title='bbox 498 3759 636 3814; x_wconf 69' lang='lat' dir='ltr'><strong>Danaeius</strong></span> <span class='ocrx_word' id='word_1_330' title='bbox 647 3761 697 3830; x_wconf 80' lang='lat' dir='ltr'><strong>(orl</strong></span> <span class='ocrx_word' id='word_1_331' title='bbox 709 3764 764 3818; x_wconf 81' lang='lat' dir='ltr'><strong>Cic.</strong></span> <span class='ocrx_word' id='word_1_332' title='bbox 777 3763 812 3818; x_wconf 81' lang='lat' dir='ltr'><strong>de</strong></span> <span class='ocrx_word' id='word_1_333' title='bbox 822 3764 849 3818; x_wconf 84' lang='lat' dir='ltr'><strong>d.</strong></span> <span class='ocrx_word' id='word_1_334' title='bbox 864 3771 920 3819; x_wconf 85' lang='lat' dir='ltr'><strong>not.</strong></span> <span class='ocrx_word' id='word_1_335' title='bbox 936 3766 960 3832; x_wconf 90' lang='lat' dir='ltr'><strong>I,</strong></span> <span class='ocrx_word' id='word_1_336' title='bbox 979 3766 1069 3834; x_wconf 72' lang='lat'><strong><em>§32):</em></strong></span> <span class='ocrx_word' id='word_1_337' title='bbox 1088 3763 1144 3817; x_wconf 90' lang='lat' dir='ltr'><strong>uim</strong></span> <span class='ocrx_word' id='word_1_338' title='bbox 1164 3762 1314 3817; x_wconf 87' lang='lat' dir='ltr'><strong>naturalem</strong></span> <span class='ocrx_word' id='word_1_339' title='bbox 1332 3761 1480 3815; x_wconf 83' lang='lat' dir='ltr'><strong>animalem</strong></span> 
     </span>
     <span class='ocr_line' id='line_1_35' title="bbox 346 3846 1479 3920; baseline 0.002 -20"><span class='ocrx_word' id='word_1_340' title='bbox 346 3847 396 3908; x_wconf 93' lang='lat' dir='ltr'><strong>Pr,</strong></span> <span class='ocrx_word' id='word_1_341' title='bbox 410 3846 466 3901; x_wconf 89' lang='lat' dir='ltr'><strong>uim</strong></span> <span class='ocrx_word' id='word_1_342' title='bbox 478 3849 636 3901; x_wconf 89' lang='lat' dir='ltr'><strong>naturamue</strong></span> <span class='ocrx_word' id='word_1_343' title='bbox 648 3848 728 3903; x_wconf 88' lang='lat' dir='ltr'><strong>anim.</strong></span> <span class='ocrx_word' id='word_1_344' title='bbox 741 3849 877 3918; x_wconf 76' lang='lat' dir='ltr'><strong>Wopkens</strong></span> <span class='ocrx_word' id='word_1_345' title='bbox 927 3851 964 3908; x_wconf 86' lang='lat'><strong>13</strong></span> <span class='ocrx_word' id='word_1_346' title='bbox 976 3865 1029 3920; x_wconf 87' lang='lat' dir='ltr'><strong>qua</strong></span> <span class='ocrx_word' id='word_1_347' title='bbox 1038 3851 1094 3904; x_wconf 88' lang='lat' dir='ltr'><strong>Pr:</strong></span> <span class='ocrx_word' id='word_1_348' title='bbox 1106 3864 1158 3920; x_wconf 91' lang='lat' dir='ltr'><strong>quo</strong></span> <span class='ocrx_word' id='word_1_349' title='bbox 1168 3849 1196 3903; x_wconf 91' lang='lat' dir='ltr'><strong><em>P</em></strong></span> <span class='ocrx_word' id='word_1_350' title='bbox 1204 3863 1273 3904; x_wconf 88' lang='lat' dir='ltr'><strong>corr.</strong></span> <span class='ocrx_word' id='word_1_351' title='bbox 1286 3866 1320 3903; x_wconf 85' lang='lat' dir='ltr'><strong>m.</strong></span> <span class='ocrx_word' id='word_1_352' title='bbox 1333 3851 1354 3902; x_wconf 80' lang='lat'><em>2</em></span> <span class='ocrx_word' id='word_1_353' title='bbox 1370 3850 1382 3917; x_wconf 75' lang='lat' dir='ltr'><strong>ll</strong></span> <span class='ocrx_word' id='word_1_354' title='bbox 1397 3847 1479 3902; x_wconf 88' lang='lat' dir='ltr'><strong>deum</strong></span> 
     </span>
     <span class='ocr_line' id='line_1_36' title="bbox 345 3933 1479 4004; baseline 0 -17"><span class='ocrx_word' id='word_1_355' title='bbox 345 3949 403 3988; x_wconf 84' lang='lat' dir='ltr'><strong>esse</strong></span> <span class='ocrx_word' id='word_1_356' title='bbox 420 3933 554 4001; x_wconf 80' lang='lat' dir='ltr'><strong>Vrsinus;</strong></span> <span class='ocrx_word' id='word_1_357' title='bbox 573 3939 603 3988; x_wconf 89' lang='lat' dir='ltr'><strong>at</strong></span> <span class='ocrx_word' id='word_1_358' title='bbox 620 3935 654 4001; x_wconf 73' lang='lat' dir='ltr'><strong>cs.</strong></span> <span class='ocrx_word' id='word_1_359' title='bbox 667 3935 766 3990; x_wconf 79' lang='lat' dir='ltr'><strong>Modo.</strong></span> <span class='ocrx_word' id='word_1_360' title='bbox 785 3936 824 3990; x_wconf 83' lang='lat' dir='ltr'><strong>oet</strong></span> <span class='ocrx_word' id='word_1_361' title='bbox 840 3935 893 3992; x_wconf 81' lang='lat' dir='ltr'><strong>Cic.</strong></span> <span class='ocrx_word' id='word_1_362' title='bbox 907 3936 941 3991; x_wconf 84' lang='lat' dir='ltr'><strong>de</strong></span> <span class='ocrx_word' id='word_1_363' title='bbox 952 3937 1021 4003; x_wconf 64' lang='lat' dir='ltr'><strong>sinn.</strong></span> <span class='ocrx_word' id='word_1_364' title='bbox 1036 3935 1080 4004; x_wconf 91' lang='lat' dir='ltr'><strong>H,</strong></span> <span class='ocrx_word' id='word_1_365' title='bbox 1094 3937 1141 4004; x_wconf 75' lang='lat'><strong>§8</strong></span> <span class='ocrx_word' id='word_1_366' title='bbox 1163 3937 1176 4004; x_wconf 82' lang='grc' dir='ltr'>Η</span> <span class='ocrx_word' id='word_1_367' title='bbox 1199 3934 1269 4001; x_wconf 84' lang='lat' dir='ltr'><strong>Quid</strong></span> <span class='ocrx_word' id='word_1_368' title='bbox 1286 3933 1479 3988; x_wconf 79' lang='lat' dir='ltr'><strong>Democritus?</strong></span> 
     </span>
     <span class='ocr_line' id='line_1_37' title="bbox 344 4019 1480 4090; baseline 0.001 -18"><span class='ocrx_word' id='word_1_369' title='bbox 344 4019 440 4088; x_wconf 62' lang='lat' dir='ltr'><strong>maipa</strong></span> <span class='ocrx_word' id='word_1_370' title='bbox 453 4025 486 4073; x_wconf 81' lang='lat' dir='ltr'><strong>nt</strong></span> <span class='ocrx_word' id='word_1_371' title='bbox 498 4035 557 4086; x_wconf 84' lang='lat' dir='ltr'><strong>nos,</strong></span> <span class='ocrx_word' id='word_1_372' title='bbox 569 4019 700 4074; x_wconf 70' lang='lat' dir='ltr'><strong>&lt;intinxit</strong></span> <span class='ocrx_word' id='word_1_373' title='bbox 708 4023 818 4090; x_wconf 75' lang='lat' dir='ltr'><strong>princes</strong></span> <span class='ocrx_word' id='word_1_374' title='bbox 825 4023 998 4078; x_wconf 79' lang='lat' dir='ltr'><strong>Arntaeniuo</strong></span> <span class='ocrx_word' id='word_1_375' title='bbox 1046 4023 1084 4080; x_wconf 88' lang='grc'><strong>14</strong></span> <span class='ocrx_word' id='word_1_376' title='bbox 1095 4022 1262 4076; x_wconf 85' lang='lat' dir='ltr'><strong>athomorum</strong></span> <span class='ocrx_word' id='word_1_377' title='bbox 1278 4021 1336 4075; x_wconf 83' lang='lat' dir='ltr'><strong>P²r</strong></span> <span class='ocrx_word' id='word_1_378' title='bbox 1383 4019 1419 4078; x_wconf 87' lang='lat'><strong>18</strong></span> <span class='ocrx_word' id='word_1_379' title='bbox 1431 4019 1480 4074; x_wconf 89' lang='lat' dir='ltr'><strong>de-</strong></span> 
     </span>
     <span class='ocr_line' id='line_1_38' title="bbox 349 4103 1478 4178; baseline 0.002 -20"><span class='ocrx_word' id='word_1_380' title='bbox 349 4103 442 4173; x_wconf 76' lang='lat' dir='ltr'><strong>signat</strong></span> <span class='ocrx_word' id='word_1_381' title='bbox 451 4103 557 4162; x_wconf 82' lang='lat' dir='ltr'><strong>Vahlen</strong></span> <span class='ocrx_word' id='word_1_382' title='bbox 568 4105 625 4160; x_wconf 82' lang='lat' dir='ltr'><strong>coll.</strong></span> <span class='ocrx_word' id='word_1_383' title='bbox 631 4123 661 4174; x_wconf 81' lang='lat' dir='ltr'><strong>p.</strong></span> <span class='ocrx_word' id='word_1_384' title='bbox 668 4109 717 4174; x_wconf 79' lang='lat'><strong>28,</strong></span> <span class='ocrx_word' id='word_1_385' title='bbox 727 4110 745 4162; x_wconf 88' lang='lat'><strong><em>6</em></strong></span> <span class='ocrx_word' id='word_1_386' title='bbox 755 4114 781 4162; x_wconf 81' lang='lat' dir='ltr'><strong>n</strong></span> <span class='ocrx_word' id='word_1_387' title='bbox 796 4108 849 4164; x_wconf 84' lang='lat' dir='ltr'><strong>Cic.</strong></span> <span class='ocrx_word' id='word_1_388' title='bbox 860 4109 894 4164; x_wconf 82' lang='lat' dir='ltr'><strong>cle</strong></span> <span class='ocrx_word' id='word_1_389' title='bbox 903 4110 930 4166; x_wconf 83' lang='lat' dir='ltr'><strong>d.</strong></span> <span class='ocrx_word' id='word_1_390' title='bbox 938 4115 996 4165; x_wconf 89' lang='lat' dir='ltr'><strong>not.</strong></span> <span class='ocrx_word' id='word_1_391' title='bbox 1007 4111 1030 4175; x_wconf 88' lang='lat' dir='ltr'><strong>I,</strong></span> <span class='ocrx_word' id='word_1_392' title='bbox 1041 4111 1057 4178; x_wconf 67' lang='grc' dir='ltr'><strong>ς</strong></span> <span class='ocrx_word' id='word_1_393' title='bbox 1067 4113 1104 4164; x_wconf 89' lang='grc'><strong>33</strong></span> <span class='ocrx_word' id='word_1_394' title='bbox 1124 4111 1137 4177; x_wconf 84' lang='grc' dir='ltr'><strong>ΙΙ</strong></span> <span class='ocrx_word' id='word_1_395' title='bbox 1157 4109 1204 4162; x_wconf 87' lang='lat' dir='ltr'><strong>uni</strong></span> <span class='ocrx_word' id='word_1_396' title='bbox 1213 4109 1270 4178; x_wconf 85' lang='lat' dir='ltr'><strong>(nel</strong></span> <span class='ocrx_word' id='word_1_397' title='bbox 1279 4124 1359 4162; x_wconf 87' lang='lat' dir='ltr'><strong>unam</strong></span> <span class='ocrx_word' id='word_1_398' title='bbox 1369 4105 1478 4176; x_wconf 88' lang='lat' dir='ltr'><strong>mundo)</strong></span> 
     </span>
     <span class='ocr_line' id='line_1_39' title="bbox 355 4189 1478 4266; baseline -0.001 -22"><span class='ocrx_word' id='word_1_399' title='bbox 355 4189 493 4258; x_wconf 81' lang='lat' dir='ltr'><strong>Wopkens</strong></span> <span class='ocrx_word' id='word_1_400' title='bbox 548 4191 584 4247; x_wconf 86' lang='grc'><strong>19</strong></span> <span class='ocrx_word' id='word_1_401' title='bbox 597 4191 728 4263; x_wconf 83' lang='lat' dir='ltr'><strong>praeficit]</strong></span> <span class='ocrx_word' id='word_1_402' title='bbox 741 4194 870 4250; x_wconf 80' lang='lat' dir='ltr'><strong>additum</strong></span> <span class='ocrx_word' id='word_1_403' title='bbox 881 4197 913 4250; x_wconf 82' lang='lat' dir='ltr'><strong>in</strong></span> <span class='ocrx_word' id='word_1_404' title='bbox 925 4196 983 4251; x_wconf 87' lang='lat' dir='ltr'><strong>Pr:</strong></span> <span class='ocrx_word' id='word_1_405' title='bbox 994 4196 1125 4250; x_wconf 80' lang='lat' dir='ltr'><strong>Aristolcs</strong></span> <span class='ocrx_word' id='word_1_406' title='bbox 1134 4195 1305 4266; x_wconf 81' lang='lat' dir='ltr'><strong>(Aristoteles</strong></span> <span class='ocrx_word' id='word_1_407' title='bbox 1316 4195 1343 4262; x_wconf 81' lang='lat' dir='ltr'><strong>r)</strong></span> <span class='ocrx_word' id='word_1_408' title='bbox 1354 4192 1478 4262; x_wconf 81' lang='lat' dir='ltr'><strong>ponticus</strong></span> 
     </span>
     <span class='ocr_line' id='line_1_40' title="bbox 346 4274 1479 4352; baseline 0 -22"><span class='ocrx_word' id='word_1_409' title='bbox 346 4275 437 4330; x_wconf 87' lang='lat' dir='ltr'><strong>uariat</strong></span> <span class='ocrx_word' id='word_1_410' title='bbox 449 4274 517 4328; x_wconf 88' lang='lat' dir='ltr'><strong>alias</strong></span> <span class='ocrx_word' id='word_1_411' title='bbox 529 4277 627 4331; x_wconf 89' lang='lat' dir='ltr'><strong>mundo</strong></span> <span class='ocrx_word' id='word_1_412' title='bbox 639 4279 708 4333; x_wconf 87' lang='lat' dir='ltr'><strong>alias</strong></span> <span class='ocrx_word' id='word_1_413' title='bbox 719 4282 805 4335; x_wconf 89' lang='lat' dir='ltr'><strong>menti</strong></span> <span class='ocrx_word' id='word_1_414' title='bbox 816 4281 925 4336; x_wconf 86' lang='lat' dir='ltr'><strong>diuinae</strong></span> <span class='ocrx_word' id='word_1_415' title='bbox 934 4282 1057 4336; x_wconf 89' lang='lat' dir='ltr'><strong>tribuens</strong></span> <span class='ocrx_word' id='word_1_416' title='bbox 1065 4281 1254 4352; x_wconf 88' lang='lat' dir='ltr'><strong>principatum,</strong></span> <span class='ocrx_word' id='word_1_417' title='bbox 1267 4295 1338 4349; x_wconf 78' lang='lat' dir='ltr'><strong>qnae</strong></span> <span class='ocrx_word' id='word_1_418' title='bbox 1349 4277 1434 4332; x_wconf 74' lang='lat' dir='ltr'><strong>necho</strong></span> <span class='ocrx_word' id='word_1_419' title='bbox 1444 4283 1479 4330; x_wconf 82' lang='lat' dir='ltr'><strong>ut</strong></span> 
     </span>
     <span class='ocr_line' id='line_1_41' title="bbox 346 4359 1479 4434; baseline 0 -18"><span class='ocrx_word' id='word_1_420' title='bbox 346 4361 478 4432; x_wconf 77' lang='lat' dir='ltr'><strong>piossemo</strong></span> <span class='ocrx_word' id='word_1_421' title='bbox 488 4359 606 4416; x_wconf 78' lang='lat' dir='ltr'><strong>Vrsinus</strong></span> <span class='ocrx_word' id='word_1_422' title='bbox 615 4365 736 4434; x_wconf 50' lang='lat' dir='ltr'><strong>exprim</strong></span> <span class='ocrx_word' id='word_1_423' title='bbox 749 4368 851 4423; x_wconf 80' lang='lat' dir='ltr'><strong>rectius</strong></span> <span class='ocrx_word' id='word_1_424' title='bbox 865 4368 892 4424; x_wconf 84' lang='lat'><strong>0.</strong></span> <span class='ocrx_word' id='word_1_425' title='bbox 903 4367 1011 4424; x_wconf 74' lang='grc' dir='ltr'>Βοιιιιι</span> <span class='ocrx_word' id='word_1_426' title='bbox 1019 4367 1233 4422; x_wconf 83' lang='lat' dir='ltr'><strong>inMr&#39;nncionis</strong></span> <span class='ocrx_word' id='word_1_427' title='bbox 1242 4365 1387 4434; x_wconf 83' lang='lat' dir='ltr'><strong>(Coloniae</strong></span> <span class='ocrx_word' id='word_1_428' title='bbox 1393 4363 1479 4428; x_wconf 79' lang='lat'><em>1859)</em></span> 
     </span>
     <span class='ocr_line' id='line_1_42' title="bbox 347 4447 1477 4524; baseline 0 -22"><span class='ocrx_word' id='word_1_429' title='bbox 347 4463 381 4502; x_wconf 86' lang='lat' dir='ltr'><strong>eo</strong></span> <span class='ocrx_word' id='word_1_430' title='bbox 391 4447 478 4502; x_wconf 80' lang='lat' dir='ltr'><strong>deleto</strong></span> <span class='ocrx_word' id='word_1_431' title='bbox 489 4447 645 4503; x_wconf 83' lang='lat' dir='ltr'><strong>eroblemote</strong></span> <span class='ocrx_word' id='word_1_432' title='bbox 655 4450 788 4507; x_wconf 80' lang='lat' dir='ltr'><strong>Aristolee</strong></span> <span class='ocrx_word' id='word_1_433' title='bbox 801 4454 925 4523; x_wconf 89' lang='lat' dir='ltr'><strong>ponticus</strong></span> <span class='ocrx_word' id='word_1_434' title='bbox 938 4461 1003 4524; x_wconf 80' lang='lat' dir='ltr'><strong>post</strong></span> <span class='ocrx_word' id='word_1_435' title='bbox 1015 4454 1213 4523; x_wconf 85' lang='lat' dir='ltr'><strong>Theophrastus</strong></span> <span class='ocrx_word' id='word_1_436' title='bbox 1230 4455 1268 4521; x_wconf 87' lang='lat' dir='ltr'><strong>(p.</strong></span> <span class='ocrx_word' id='word_1_437' title='bbox 1282 4454 1329 4519; x_wconf 83' lang='lat'><strong>27,</strong></span> <span class='ocrx_word' id='word_1_438' title='bbox 1342 4451 1370 4518; x_wconf 85' lang='lat'><strong>1)</strong></span> <span class='ocrx_word' id='word_1_439' title='bbox 1382 4455 1477 4504; x_wconf 87' lang='lat' dir='ltr'><strong>trane·</strong></span> 
     </span>
     <span class='ocr_line' id='line_1_43' title="bbox 342 4531 1447 4609; baseline 0.004 -24"><span class='ocrx_word' id='word_1_440' title='bbox 342 4531 478 4602; x_wconf 79' lang='lat' dir='ltr'><strong>ponendo</strong></span> <span class='ocrx_word' id='word_1_441' title='bbox 487 4547 542 4586; x_wconf 85' lang='lat' dir='ltr'><strong>esse</strong></span> <span class='ocrx_word' id='word_1_442' title='bbox 553 4533 689 4591; x_wconf 71' lang='lat' dir='ltr'><strong>ortellano</strong></span> <span class='ocrx_word' id='word_1_443' title='bbox 702 4539 758 4593; x_wconf 80' lang='lat' dir='ltr'><strong>coll.</strong></span> <span class='ocrx_word' id='word_1_444' title='bbox 771 4539 824 4596; x_wconf 81' lang='lat' dir='ltr'><strong>Oic.</strong></span> <span class='ocrx_word' id='word_1_445' title='bbox 835 4539 869 4594; x_wconf 84' lang='lat' dir='ltr'><strong>de</strong></span> <span class='ocrx_word' id='word_1_446' title='bbox 879 4541 904 4595; x_wconf 79' lang='lat' dir='ltr'><strong>ci.</strong></span> <span class='ocrx_word' id='word_1_447' title='bbox 916 4547 973 4596; x_wconf 86' lang='lat' dir='ltr'><strong>not.</strong></span> <span class='ocrx_word' id='word_1_448' title='bbox 988 4542 1009 4595; x_wconf 88' lang='lat' dir='ltr'><em>I</em></span> <span class='ocrx_word' id='word_1_449' title='bbox 1016 4541 1032 4609; x_wconf 64' lang='grc' dir='ltr'><strong>ἕ</strong></span> <span class='ocrx_word' id='word_1_450' title='bbox 1041 4542 1077 4594; x_wconf 85' lang='grc'><strong>35</strong></span> <span class='ocrx_word' id='word_1_451' title='bbox 1129 4538 1169 4596; x_wconf 80' lang='lat'><strong>20</strong></span> <span class='ocrx_word' id='word_1_452' title='bbox 1185 4553 1289 4607; x_wconf 89' lang='lat' dir='ltr'><strong>quoque</strong></span> <span class='ocrx_word' id='word_1_453' title='bbox 1301 4536 1332 4590; x_wconf 93' lang='lat' dir='ltr'><strong>de</strong></span> <span class='ocrx_word' id='word_1_454' title='bbox 1344 4535 1392 4591; x_wconf 92' lang='lat' dir='ltr'><strong>deo</strong></span> <span class='ocrx_word' id='word_1_455' title='bbox 1404 4534 1447 4589; x_wconf 89' lang='lat' dir='ltr'><strong>Pr</strong></span> 
     </span>
    </p>
   </div>
   <div class='ocr_carea' id='block_1_6' title="bbox 0 0 1659 5140">
    <p class='ocr_par' dir='ltr' id='par_1_6' title="bbox 0 0 1659 5140">
     <span class='ocr_line' id='line_1_44' title="bbox 0 0 1659 5140; baseline 0 0"><span class='ocrx_word' id='word_1_456' title='bbox 0 0 1659 5140; x_wconf 95' lang='lat' dir='ltr'><strong> </strong></span> 
     </span>
    </p>
   </div>
  </div>
 </body>
</html>
