3300 5142
327 520 391 585 102
584 460 594 478 ⁵
731 514 873 569 Firmiei
896 514 1042 569 Materni

327 676 361 740 et
374 674 490 739 formae
509 672 598 737 uobis
618 671 746 737 deomm
761 670 899 735 traditae
913 670 979 735 siat
990 671 1022 735 et
1033 671 1168 736 uomina.
1192 669 1247 735 sed
1261 670 1458 737 haecomnia

326 778 443 843 ussus
458 778 577 843 deterit
590 781 619 840 ot
632 776 716 840 ratio
729 794 829 839 sance
843 775 955 840 mentis
971 775 1106 855 inuenit,
1122 777 1159 839 ut
1172 775 1371 860 inuestigatis
1385 792 1457 839 om·

326 879 418 944 uibus
433 883 525 969 douo
539 878 662 944 Mortis
676 898 754 961 quae
768 878 936 962 sacrilegus
951 896 1034 943 error
1055 878 1256 945 absconderat
1277 878 1397 943 ueritas
1417 877 1458 939 ia

325 984 395 1049 uita
409 982 534 1047 luceret.
557 981 632 1047 baec
645 982 728 1046 enim
743 981 846 1046 omnia
860 1000 931 1045 cum
946 982 1047 1047 essent
1061 982 1143 1047 male
1158 982 1329 1065 composito
1342 981 1457 1046 terrori

324 1085 463 1170 primum
484 1085 570 1151 fuere
592 1085 791 1164 mortalibus,
819 1086 930 1151 dehinc
949 1086 1130 1168 consumpta
1151 1086 1290 1151 nouitate
1309 1085 1397 1167 quasi
1419 1104 1457 1149 er
1478 1106 1495 1145 a

324 1188 418 1273 longa
432 1187 626 1273 aegritudine
645 1188 928 1253 conualescentibus
948 1188 1125 1254 hominibus
1144 1190 1237 1254 natus
1258 1189 1305 1253 est
1325 1187 1457 1270 quidam

325 1310 362 1356 er
376 1291 579 1357 admiratione
594 1292 796 1374 mntemptus.
819 1291 865 1357 sie
884 1291 1039 1375 paulatim
1061 1291 1143 1375 quod
1164 1292 1309 1375 stupebat
1330 1291 1458 1355 animus

326 1413 419 1459 ausus
434 1394 482 1459 est
496 1392 661 1478 diligenter
675 1394 828 1476 inquirere
842 1396 874 1459 et
889 1395 998 1459 statim
1018 1394 1051 1459 iu
1066 1412 1175 1459 aroana
1188 1393 1332 1459 fictarum
1347 1412 1384 1457 ac
1398 1412 1457 1457 ua·

324 1516 435 1563 uarum
457 1496 713 1579 superstitionum
733 1514 828 1580 sagax
853 1497 942 1563 misit
966 1496 1134 1581 ingenium.
1158 1497 1234 1561 tunc
1258 1514 1295 1560 er
1321 1496 1457 1561 assiduis

325 1599 509 1665 tractatibus
524 1599 689 1665 latentium
703 1600 822 1665 ratione
837 1600 966 1665 collecta
980 1600 1120 1682 peruenit
1135 1598 1176 1665 ad
1190 1617 1308 1677 causas,
1333 1601 1369 1663 ut
1383 1616 1457 1681 pro-
1474 1625 1502 1664 ιο

326 1702 468 1769 sanarum
483 1702 668 1787 religionum
690 1702 864 1768 miseranda
884 1704 1057 1768 commenta
1076 1702 1247 1767 humanum
1269 1720 1367 1785 genus
1390 1702 1457 1786 pri-

324 1826 413 1871 mum
428 1806 573 1884 disceret,
589 1804 698 1871 deinde
713 1806 938 1886 enumeret,
961 1805 1055 1871 tertio
1069 1807 1235 1871 recusaret.

276 1906 315 1969 18
366 1909 459 1975 Libet
472 1927 554 1975 nunc
568 1908 729 1991 explanare
744 1908 857 1990 quibus
881 1926 913 1973 se
933 1908 1031 1993 signis
1052 1908 1103 1974 uel
1124 1908 1236 1991 quibus
1256 1908 1407 1991 symbolis
1422 1908 1457 1973 in

324 2012 401 2094 ipsis
416 2011 685 2094 superstitionibus
705 2011 881 2076 miserande
901 2012 1061 2077 hominum
1082 2011 1175 2076 turbs
1196 2011 1367 2095 cognoseat.
1398 2011 1456 2075 ba-

324 2115 400 2179 bent
414 2114 497 2179 enirn
511 2115 634 2197 propria
648 2115 753 2199 signa,
776 2115 900 2198 propria
913 2132 1072 2197 respousa,
1102 2133 1180 2198 quae
1195 2115 1260 2180 illis
1275 2115 1308 2179 in
1323 2115 1456 2179 istomm
1466 2138 1491 2178 a

325 2217 558 2301 sacrilegiorum
583 2218 720 2283 coetibus
746 2217 862 2282 diaboli
889 2217 1021 2283 tradidit
1046 2217 1218 2301 disciplina.
1257 2217 1290 2281 in
1320 2217 1456 2300 quodam

325 2320 458 2403 templo,
480 2321 517 2384 nt
531 2320 565 2385 in
579 2320 776 2386 interioribus
801 2320 943 2403 partibus
965 2320 1057 2386 homo
1078 2320 1261 2386 introiturus
1281 2320 1380 2401 possit
1399 2320 1458 2385 ad·

324 2424 428 2501 mitti,
445 2423 538 2487 dicit:
553 2415 609 2487 ‘de
630 2425 814 2506 tympano
836 2423 1083 2501 manducaui,
1107 2423 1149 2487 de
1172 2423 1349 2507 cymbalo
1373 2423 1458 2488 bibi

325 2527 362 2592 et
388 2526 606 2611 religionis
634 2530 787 2592 secreta
811 2514 1046 2609 perdidici’,
1078 2526 1159 2609 quod
1185 2544 1292 2611 graeco
1317 2544 1458 2591 sermone
1624 2599 1625 2605 ἵ

325 2628 457 2694 dicitur:
481 2626 517 2693 ἐκ
535 2620 705 2711 τυμπάνου
726 2628 890 2716 βέβρωκα,
913 2628 949 2695 ἐκ
975 2622 1139 2713 κυμβάλου
1164 2627 1320 2709 πέπωκα,
1343 2628 1458 2713 γέγονα
1467 2657 1495 2697 ao
1624 2648 1625 2675 l

296 2724 447 2818 ομύστης
464 2721 615 2808 Hersen.
639 2732 737 2812 male,
760 2734 855 2799 mism
875 2733 982 2812 homo,
1005 2733 1043 2798 de
1058 2733 1192 2798 admisso
1207 2732 1341 2798 facinore
1361 2733 1459 2798 confi·
1624 2708 1625 2731 ¹

324 2835 415 2900 teris:
431 2832 614 2917 pestiferum
628 2836 738 2901 ueneni
755 2837 840 2903 sirm
854 2835 988 2901 hausisti
1003 2837 1035 2901 et
1049 2834 1160 2901 nefarii
1176 2834 1289 2901 luroris
1303 2836 1459 2901 instinctu

212 2962 316 3007 runs.
325 2938 419 3003 letale
438 2939 443 3021 Ι
461 2938 608 3021 poculum
621 2938 777 3005 lambisti:
800 2940 905 3005 eibum
925 2939 1023 3004 istum
1037 2956 1121 3005 mors
1136 2939 1275 3021 sequitru
1289 2957 1410 3021 semper
1426 2940 1459 3003 et

325 3059 437 3123 poena,
460 3041 518 3106 hoe
537 3043 619 3123 quod
638 3042 753 3107 bibisse
772 3044 805 3109 te
828 3042 986 3127 praedicas
1007 3042 1138 3109 uitalem
1153 3062 1265 3108 uenam
1280 3043 1407 3125 stringit
1422 3042 1459 3106 in

325 3145 457 3209 mortem
482 3146 514 3211 et
538 3144 626 3210 sedes
651 3146 772 3211 animae
798 3146 988 3211 contaminat
1008 3146 1040 3210 et
1059 3146 1213 3211 malorum
1228 3146 1458 3212 continuatione
1467 3176 1494 3215 a

325 3247 496 3312 conturbat.
520 3248 601 3311 alius
621 3250 669 3313 est
690 3248 794 3327 cibus,
818 3248 872 3330 qui
893 3249 1027 3315 salutem
1042 3248 1175 3333 largitur
1190 3250 1222 3314 et
1237 3250 1352 3327 uitam,
1375 3248 1458 3315 alius

326 3349 483 3428 calcibus,
499 3351 553 3431 qui
567 3350 724 3416 hominem
738 3352 804 3416 Deo
819 3370 941 3415 summo
953 3353 985 3416 et
995 3352 1192 3417 commendat
1203 3354 1235 3417 et
1247 3352 1359 3431 reddit,
1375 3352 1458 3419 alius

326 3452 373 3518 est
387 3452 489 3530 cibus,
508 3454 562 3535 qui
576 3453 756 3538 languentes
771 3454 906 3533 reiensi,
923 3456 1057 3520 errantes
1073 3454 1211 3533 reuocat,
1231 3454 1334 3539 lapsos
1350 3454 1457 3539 erigit,

326 3554 381 3637 qui
395 3555 598 3620 morientibus
613 3557 755 3621 aeternae
769 3557 1005 3623 inmortalitatis
1024 3558 1158 3642 largitu
1172 3558 1314 3643 insignia.
1339 3557 1458 3623 Christi

326 3676 456 3741 panem,
472 3656 588 3723 Christi
602 3660 747 3741 poculum
762 3678 887 3743 quaere,
910 3661 945 3724 ut
959 3661 1079 3726 terrena
1093 3659 1265 3745 fragilitate
1281 3661 1458 3743 contempta
1467 3690 1494 3728 sn

380 3880 396 3936 1
410 3879 487 3935 nobis
492 3879 546 3949 Po,
558 3880 751 3937 em.Wowerus
767 3884 780 3951 ΙΙ
797 3882 905 3937 litterae
917 3898 991 3936 orum
1003 3881 1119 3936 traditae
1130 3882 1186 3937 sint
1194 3882 1261 3938 iaP
1270 3890 1457 3947 maestum,

325 3964 434 4019 deorum
446 3982 495 4021 om.
506 3983 525 4020 a
587 3966 606 4023 3
624 3968 725 4021 ueritas
736 3967 766 4021 in
781 3968 841 4021 uita
854 3969 995 4023 Bursian.-
1014 3967 1139 4023 ueritatis
1152 3967 1249 4022 semita
1261 3986 1279 4022 ο
1331 3968 1350 4025 8
1367 3969 1458 4037 iuqui-

325 4050 697 4119 reretPllhacnanarnmP
740 4054 777 4112 15
789 4069 858 4122 quae
867 4054 1183 4123 Prquidollinistiso
1231 4054 1268 4110 16
1281 4054 1424 4108 cetibusP

329 4136 366 4193 17
385 4137 545 4193 introiturus
557 4140 699 4195 Baraba:
712 4140 859 4194 moriturus
873 4141 931 4207 Pa,
943 4143 1066 4195 oraturus
1078 4140 1185 4195 Lobecl:
1197 4142 1331 4211 Aplaepb.
1346 4142 1370 4207 1,
1383 4144 1423 4195 24

327 4223 368 4280 20
384 4229 570 4279 ..rsnoNA
582 4227 618 4294 P,
630 4228 694 4292 sort.
706 4230 753 4278 καὶ
764 4230 869 4296 γέγονα
916 4226 952 4283 21
965 4222 1191 4297 μύστηςἍττεως
1203 4228 1244 4280 P:
1257 4223 1393 4297 μυστικάς
1404 4244 1423 4280 a

327 4308 366 4365 22
385 4307 484 4362 ausieti
496 4312 524 4364 P
566 4312 604 4369 23
622 4310 956 4380 lambisPa‚em.0e1oer
1001 4312 1040 4368 24
1058 4326 1141 4380 poena
1153 4313 1291 4365 aeternas
1339 4312 1377 4371 25
1397 4328 1460 4367 con·

328 4394 462 4449 amirato
486 4396 616 4451 malornm
637 4400 665 4451 te
686 4397 887 4451 continuatione
904 4415 922 4451 ο
1002 4397 1039 4454 27
1058 4397 1106 4451 deo
1129 4413 1230 4451 summo
1253 4399 1281 4451 P
1303 4402 1381 4465 (teste
1399 4399 1458 4453 Lo·

324 4480 448 4547 renzio):
468 4498 568 4537 summe
580 4483 628 4536 deo
640 4500 670 4547 a,
689 4498 791 4537 summo
802 4482 852 4537 deo
868 4483 966 4538 Oetler
