3300 5142
352 511 390 562 v1

352 665 469 766 possit
491 664 580 764 quid
602 665 640 738 in
664 666 789 741 codice
813 666 921 740 unico
945 665 1121 766 seriptum
1146 667 1363 743 inueniatur.
1415 674 1488 735 tam

351 785 518 885 diligenti
542 811 628 859 cura
649 811 692 860 eo
715 786 832 886 magis
856 791 948 886 opus
971 811 1049 860 esse
1074 786 1285 878 uidebatur,
1316 810 1387 886 quo
1408 808 1489 856 cor-

352 905 495 1007 ruptior
517 905 659 980 libellus
683 907 729 979 ad
752 933 819 981 nos
842 906 1002 1006 perlatus
1025 917 1091 980 est.
1115 907 1221 981 multi
1243 904 1422 1007 philologi
1446 902 1489 974 de

350 1052 394 1100 eo
417 1027 645 1100 emendando
669 1026 806 1126 optime
837 1040 1065 1117 meruerunt,
1102 1053 1149 1102 ex
1181 1028 1314 1127 quibus
1345 1035 1489 1126 praeter
1584 1081 1585 1084 ,

354 1158 495 1221 ceteros
530 1147 744 1219 nominandi
780 1157 867 1221 sunt
901 1145 1099 1222 Fuluius
1122 1147 1322 1222 Vrsinus
1354 1143 1486 1232 Italus,
1584 1157 1585 1206 ἒ

349 1268 414 1339 Jo.
438 1267 671 1340 Meursius
693 1266 964 1366 Francogallus,
992 1267 1017 1339 J
1028 1294 1060 1341 o.
1085 1267 1309 1342 Dauisius
1331 1263 1488 1362 Anglus,
1584 1295 1585 1376 p

351 1384 605 1460 Cornelius
628 1385 848 1460 Valerius
872 1385 1032 1461 Vonck
1054 1388 1226 1479 Batauus,
1254 1389 1320 1461 do.
1353 1412 1373 1458 a
1394 1383 1490 1456 Wo-

349 1526 441 1580 wer
464 1504 1056 1605 etOhrist.Aug.Heumann
1081 1506 1262 1582 Germani.
1281 1507 1344 1582 sed
1364 1529 1491 1605 quam·
1584 1484 1585 1530 l

350 1651 462 1724 quam
484 1624 589 1699 multi
610 1624 681 1699 loci
704 1627 872 1726 corrupti
903 1627 1066 1726 priorum
1095 1627 1253 1726 ingeniis
1285 1637 1386 1701 certo
1412 1649 1490 1698 cor·
1584 1663 1585 1709 ‡

351 1747 442 1820 recti
465 1756 562 1836 sunt,
585 1745 685 1844 larga
699 1756 820 1820 tamen
836 1748 1052 1821 emendandi
1067 1747 1169 1847 copia
1183 1760 1220 1822 et
1234 1745 1340 1821 nobis
1363 1744 1491 1818 relicta

349 1878 429 1940 erat
452 1878 488 1940 et
510 1876 596 1966 post
608 1878 771 1940 nostram
785 1867 1057 1966 amicorumque
1071 1892 1195 1942 curam
1208 1867 1366 1968 posteris
1381 1864 1491 1939 relin-

348 1997 494 2085 quetur.
523 1985 694 2083 quoniam
717 1997 839 2060 autem
869 2012 889 2058 a
919 1987 1128 2086 scripturis,
1160 1987 1312 2086 quaein
1335 1983 1489 2059 nouissi·
1584 1975 1585 2052 ζ

352 2105 422 2179 mis
444 2104 556 2178 libelli
579 2105 850 2205 exemplaribus
874 2107 1198 2198 circumferuntur,
1222 2131 1397 2206 persaepe
1418 2105 1489 2178 dis·
1584 2163 1585 2202 3

351 2225 539 2315 cessimus,
563 2225 662 2299 haud
684 2224 747 2299 abs
771 2250 811 2300 re
834 2225 954 2300 uisum
977 2238 1033 2301 est
1054 2228 1100 2302 de
1119 2226 1369 2326 compluribus
1387 2223 1489 2314 locis,
1584 2215 1585 2224 ¹

348 2372 509 2445 quorum
540 2347 650 2420 lectio
681 2345 799 2420 adhuc
830 2346 968 2420 incerta
1001 2358 1063 2420 aut
1085 2346 1173 2420 falsa
1204 2345 1418 2434 uidebatur,
1455 2345 1490 2416 in
1584 2347 1585 2422 Ϊ

352 2467 419 2540 bac
441 2465 663 2564 praefatione
684 2465 792 2564 paulo
823 2465 1024 2540 accuratius
1054 2467 1240 2566 disputare
1271 2477 1490 2562 nostrasque
1584 2515 1585 2560 3

351 2585 510 2659 rationes
533 2583 705 2659 breuibus
724 2586 949 2683 argumentis
967 2585 1193 2662 confirmare.
1218 2585 1392 2683 adquam
1413 2609 1489 2658 rem

352 2705 564 2804 priusquam
587 2704 863 2803 adgrediamur,
896 2706 1020 2780 amicis
1044 2705 1297 2780 Dombarto
1322 2717 1360 2778 et
1383 2704 1490 2778 Vse·

349 2850 482 2914 nero,
518 2824 713 2924 inprimis
745 2811 866 2900 autem
890 2824 1123 2900 Vahlenio
1145 2825 1328 2900 maximae
1351 2824 1490 2922 gratiae

350 2943 494 3044 publice
517 2945 677 3043 agendae
699 2957 805 3035 sunt,
830 2945 946 3045 quod,
971 2971 1062 3045 quae
1080 2945 1150 3046 ipsi
1169 2947 1206 3019 in
1225 2944 1349 3019 libello
1369 2969 1490 3018 emen·

351 3066 545 3153 dauerant,
580 3090 621 3139 ea
651 3064 935 3164 promptissimis
958 3065 1088 3139 animis
1111 3090 1255 3139 mecum
1284 3064 1490 3138 communi·
1584 3079 1585 3150 ff

352 3209 433 3259 care
456 3183 659 3259 uoluerunt.
697 3183 898 3260 Vahlenius
922 3196 1042 3260 autem
1074 3211 1115 3259 ea
1145 3211 1185 3260 re
1215 3187 1384 3259 nondum
1408 3209 1490 3260 con·

348 3313 472 3377 tentus
515 3329 597 3378 cum
641 3303 679 3377 in
719 3303 873 3404 plagulis
910 3303 1134 3402 corrigendis
1178 3303 1302 3386 labore
1339 3306 1489 3390 sociato,

350 3435 431 3496 tum
464 3422 502 3497 in
540 3424 709 3498 uniuersa
743 3423 855 3498 libelli
898 3424 1109 3499 recensione
1144 3424 1280 3499 iudicio
1318 3450 1388 3498 suo
1426 3449 1491 3498 nos
1584 3405 1585 3414 ἵ

354 3543 501 3642 egregie
523 3545 672 3619 adiuuit.

402 3663 475 3737 Sed
497 3673 539 3736 ut
571 3689 591 3736 a
618 3664 699 3738 loco
729 3663 969 3738 uexatissimo
999 3664 1205 3756 ordiamur,
1245 3664 1283 3739 in
1316 3679 1491 3766 corrupta
1584 3753 1585 3768 ἶ

345 3782 480 3858 codicis
504 3782 686 3882 scriptura
709 3809 784 3885 cap.
812 3787 890 3879 Μ
919 3790 940 3857 5
972 3775 1064 3858 ‘cam
1087 3797 1223 3859 tantum
1251 3785 1345 3859 absit
1369 3786 1416 3860 ab
1440 3810 1491 3859 aa·

338 3901 542 4000 ploratione
564 3902 694 3978 diuina
725 3903 884 3978 bumana
916 3903 1162 3992 mediocritas,
1202 3915 1379 4003 utaequa
1401 3927 1493 4004 quaa

343 4047 457 4118 supra
473 4047 538 4097 nos
556 4023 652 4098 caclo
675 4049 849 4122 saepsisse
869 4022 1012 4098 sublata
1035 4036 1119 4098 sunt
1141 4048 1252 4123 nequa
1274 4048 1407 4123 quac..
1433 4024 1491 4097 de·
1584 4025 1585 4080 ἒ

344 4164 461 4214 marsa
481 4155 580 4234 aunt,
618 4155 682 4218 aut
702 4144 792 4218 scire
821 4143 869 4217 sit
898 4143 1021 4217 datum
1057 4156 1098 4217 ut
1126 4155 1285 4217 scrutare
1308 4143 1350 4240 (i.
1374 4170 1405 4217 e.
1431 4154 1493 4217 aut

344 4261 514 4355 scrutari)
528 4262 744 4359 permissum
763 4274 828 4336 aut
848 4263 1061 4360 stuprari
1081 4255 1311 4360 religiosam’¹
1325 4262 1366 4336 id
1392 4263 1492 4362 quod
1584 4339 1585 4355 ,

345 4378 456 4478 uulgo
488 4404 536 4454 ex
569 4382 663 4456 dos.
688 4380 927 4479 Scaligeri
963 4381 1170 4456 coniectura
1206 4381 1382 4456 scribitur
1421 4394 1486 4458 aat
1584 4367 1585 4370 ¹
