3300 5142
618 526 730 583 Ohron.
749 527 771 591 1,
790 526 909 585 28-31.
1282 533 1324 598 33

206 685 320 749 ceteros
339 683 510 748 discordare
529 700 588 748 non
608 682 755 748 nesciam:
777 683 830 747 sed
849 683 928 747 milri
947 684 1082 748 conscius
1097 703 1181 763 sum,
1201 703 1251 750 mo
1264 703 1325 751 non

205 785 354 857 incuriose
365 786 511 851 latentem
522 803 668 850 annorum
678 785 814 850 ordinem
825 785 997 868 protulisse,
1009 786 1103 851 donec
1113 787 1147 852 in
1160 787 1235 852 baec
1244 789 1324 853 tem-

206 907 280 972 pora
293 888 397 968 incidi,
413 889 574 971 dequibus
588 888 728 952 dubitare
742 906 793 953 me
806 886 911 952 fateor.
927 907 1007 954 nunc
1021 889 1137 971 reliqua
1150 908 1287 973 exequar.

249 991 369 1075 Igitur,
391 993 427 1055 ut
448 1009 539 1072 supra
559 991 665 1068 retuli,
694 989 825 1056 Hebraei
857 989 921 1055 sine
951 991 1052 1056 iudice
1076 992 1130 1056 aut
1159 991 1235 1056 duce
1259 991 1375 1056 611630

183 1094 326 1176 :proprio
347 1091 473 1158 arbitrio
494 1093 633 1178 agebant.
663 1093 736 1158 Heli
758 1093 894 1158 sacerdos
921 1094 1000 1158 erat:
1035 1093 1091 1158 sub
1118 1093 1176 1158 hoo
1202 1093 1324 1159 Samuel

204 1197 295 1261 natus
310 1198 364 1261 est.
379 1196 452 1261 huic
465 1197 551 1279 pater
564 1195 713 1274 chhana,
729 1197 828 1260 mater
841 1195 939 1260 Anna
955 1195 1029 1261 baec
1043 1196 1096 1260 diu
1110 1196 1238 1273 sterilis,
1254 1211 1352 1264 cuma

205 1299 382 1380 conceptum
397 1318 415 1364 a
428 1300 492 1362 Deo
506 1300 631 1380 peteret,
652 1299 772 1363 6661666
785 1298 928 1377 traditur,
950 1299 1066 1381 sipuer
1078 1299 1260 1376 nasceretur,
1275 1316 1325 1363 sa·

206 1401 350 1464 orandum
371 1401 444 1465 Dec.
473 1401 519 1466 ita
539 1400 662 1467 enixum
682 1419 810 1483 puerum
832 1401 905 1465 Heli
926 1402 1073 1467 sacerdoti
1093 1401 1231 1466 tradidit.
1254 1419 1325 1465 mor

205 1521 275 1567 curn
295 1503 491 1582 adoletiaset,
512 1504 595 1568 Deus
615 1503 654 1568 ad
674 1521 744 1568 eum
763 1503 883 1568 locutus
903 1504 958 1568 ost.
984 1503 1057 1568 Heli
1077 1503 1225 1568 secerdoti
1245 1503 1367 1571 irama-

161 1621 187 1660 rc
206 1605 365 1670 denuntiat
380 1606 417 1670 ob
432 1606 531 1671 uitam
545 1605 695 1684 filiorum,
718 1606 770 1688 qui
785 1606 987 1670 sacerdotium
1006 1605 1102 1687 patris
1116 1606 1149 1670 in
1163 1607 1324 1687 quaestum

203 1709 367 1787 uerterant,
383 1727 508 1774 munera
521 1727 540 1773 a
553 1707 791 1774 sscnficantibus
806 1709 973 1792 erigentes:
989 1727 1175 1791 quamquam
1188 1709 1324 1790 plerum·

204 1829 261 1892 que
275 1827 325 1874 eos
339 1813 425 1892 pater
438 1811 606 1893 increpasse
619 1811 775 1890 referatur,
797 1812 850 1876 sed
863 1811 960 1876 lenior
973 1811 1145 1895 cbimgatic
1158 1829 1218 1875 non
1232 1810 1323 1874 satis

205 1913 317 1978 iecerat
336 1913 523 1995 disciplinae.
548 1914 644 1998 igitur
658 1913 833 1997 allophylis
852 1914 886 1978 in
906 1913 1049 1978 Iudaeam
1063 1912 1249 1977 irruentibus
1268 1913 1354 1980 ob·4

203 2015 286 2080 uiam
302 2016 391 2080 itum.
412 2017 464 2080 sed
479 2016 555 2080 uicti
569 2015 701 2080 Hebraei
714 2017 822 2098 parant
842 2015 938 2080 aciem
953 2017 1125 2080 restituere:
1145 2033 1246 2080 arcam
1260 2015 1324 2079 Dc-

171 2133 194 2174 ra
203 2118 281 2182 mirri
296 2135 398 2182 secum
412 2119 445 2182 in
458 2137 594 2202 pugnarn
609 2118 737 2182 efferunt
749 2119 862 2182 etcum
876 2137 912 2182 ea
921 2118 980 2181 lilii
991 2118 1154 2182 sacerdotis
1164 2117 1322 2199 prodeunt,

204 2219 276 2302 quia
285 2219 349 2302 ipse
363 2220 450 2285 annis
461 2220 584 2303 grauior
594 2220 762 2286 luminibus
773 2219 913 2284 obductis
924 2219 1096 2284 satisfecere
1106 2219 1205 2283 officio
1216 2219 1323 2300 nequi-

203 2322 296 2386 uerat.
318 2323 370 2386 sed
385 2322 439 2386 ubi
454 2340 523 2386 arca
536 2322 569 2386 in
583 2323 776 2404 conspectum
790 2321 927 2386 hostium
940 2321 1071 2386 deducte
1084 2321 1144 2398 est,
1165 2320 1352 2385 maiestated

204 2424 335 2506 quadam
353 2425 518 2506 praesentis
533 2423 590 2489 Dei
611 2424 711 2488 territi
726 2423 834 2508 fugam
847 2423 1002 2506 parabant.
1025 2424 1241 2505 assumptaque
1255 2441 1323 2486 rur-

202 2545 270 2590 sum
286 2527 455 2592 constantia
467 2528 499 2591 et
512 2544 572 2592 non
587 2526 651 2591 sine
665 2528 729 2592 Deo
743 2525 873 2590 mutatis
887 2525 1014 2603 animis,
1031 2525 1106 2590 totis
1119 2525 1237 2589 uiribus
1251 2542 1323 2590 666-

135 2703 138 2710 ,
168 2642 193 2684 ²⁰
202 2631 336 2694 currunt.
351 2629 427 2694 uicti
441 2629 588 2694 Hebraei:
609 2647 678 2694 arca
692 2628 824 2710 capitur,
845 2627 903 2692 filii
918 2626 1081 2694 sacerdotis
1096 2628 1216 2692 cadunt.
1238 2627 1351 2706 Helie

202 2731 301 2795 delato
316 2732 354 2795 ad
369 2749 400 2795 se
414 2731 489 2796 mali
504 2731 620 2808 nuntio,
638 2731 845 2796 consternatus
855 2731 998 2812 ammam,
1006 2729 1170 2812 erpirauit,
1186 2748 1257 2794 cum
1270 2748 1323 2812 per

201 2852 293 2898 annos
308 2853 357 2898 xx
371 2834 572 2898 sacerdotium
587 2833 837 2898 administrasset.

244 2936 382 3001 Victores
402 2936 531 3002 seeundo
551 2935 663 3017 proelio
679 2935 839 3019 Allcphyli
864 2953 965 3000 arcam
979 2935 1051 3014 Dei,
1078 2954 1154 3017 quae
1177 2935 1211 3000 in
1235 2936 1321 3017 pote·
1331 2933 1367 2995 31

201 3041 313 3104 statem
327 3040 450 3104 uenerat
464 3055 578 3118 eorum,
590 3038 699 3120 oppido
707 3037 803 3102 Arcto
817 3037 851 3102 in
865 3037 1015 3119 templum
1023 3038 1131 3121 Dagon
1141 3038 1319 3102 intulerunt.

95 3197 96 3200 ,
166 3141 253 3206 6661
275 3141 472 3206 simulacrum
494 3141 633 3206 daemoni
655 3141 805 3218 dicatum,
828 3139 883 3204 ubi
904 3158 974 3205 arca
994 3140 1081 3204 illata
1102 3141 1163 3217 est,
1191 3140 1349 3206 corruit:2

202 3263 330 3326 eumque
350 3243 467 3308 idolum
487 3244 552 3307 loco
572 3243 790 3322 restituissent,
812 3243 900 3308 noete
914 3243 1049 3307 insecuta
1063 3242 1249 3324 discerptim
1262 3245 1318 3308 est.

200 3345 270 3410 inde
291 3363 393 3410 mures
414 3364 467 3428 per
488 3363 609 3410 ornnem
630 3347 784 3430 regionem
811 3346 908 3410 exorti
927 3345 1026 3410 nemis
1047 3345 1199 3410 morsibus
1220 3345 1321 3410 multa

200 3448 359 3514 bominum
378 3449 467 3513 milia
486 3447 547 3512 leto
568 3449 688 3514 dabant.
711 3467 769 3530 quo
790 3449 872 3513 malo
892 3447 1042 3530 compulsi
1055 3448 1158 3512 Azctii
1172 3449 1211 3513 ad
1224 3448 1349 3512 decli-t

201 3550 332 3616 nondam
353 3551 558 3628 calamitatem
578 3569 679 3617 aream
700 3551 757 3616 Dei
780 3551 818 3616 ad
840 3550 989 3616 (iethacos
1010 3550 1239 3616 transtulerunt.
1266 3552 1320 3633 qui

302 3769 397 3830 eruo.
418 3773 462 3828 21.
482 3771 576 3842 IReg.
598 3774 613 3830 1
633 3788 688 3841 sqq.
725 3771 876 3840 231aeg.
896 3772 915 3831 5

254 3978 270 4034 1
289 3977 448 4031 discordiare
460 3978 488 4031 P
507 3979 519 4044 11
540 3993 592 4030 666
610 3977 710 4030 curiose
727 3977 787 4044 Pb,
806 3975 1117 4030 6666616616616611666
1174 3974 1271 4030 21666
1292 3975 1320 4030 P

252 4061 269 4122 5
288 4061 404 4132 agebant
425 4063 563 4116 Veratius:
582 4062 729 4132 agebantur
747 4062 804 4129 Pb,·
828 4061 860 4115 os.
879 4061 960 4126 Ι,24,
974 4062 998 4118 1.
1023 4061 1068 4124 29,
1082 4061 1107 4116 7.
1132 4060 1178 4125 34,
1191 4060 1217 4115 2.
1240 4061 1276 4124 11,
1290 4061 1318 4124 9,

202 4149 221 4204 2
241 4147 284 4218 (i).
311 4148 355 4212 10,
373 4147 400 4204 4.
418 4147 465 4212 46,
485 4147 511 4203 8.
536 4148 548 4215 ΙΙ
572 4147 696 4202 Samuhel
714 4147 754 4216 P,
773 4153 799 4202 et
816 4147 1042 4216 sirpiarumque,
1070 4145 1118 4199 aad
1135 4161 1192 4200 non
1210 4147 1319 4214 ‘emper

251 4233 761 4291 talemaroamcdeauerloma
807 4232 986 4290 SDominoet
1000 4231 1178 4288 9Dominnsb
1225 4231 1318 4288 1016-

200 4320 327 4374 nuntians
339 4320 372 4373 ob
383 4319 454 4372 uitia
465 4319 499 4373 de
510 4321 598 4374 Proto
661 4320 696 4376 11
715 4335 791 4373 aera.
806 4320 834 4372 P
855 4321 867 4386 ΙΙ
890 4332 1040 4387 quanquam
1052 4317 1080 4370 P
1130 4317 1166 4373 12
1179 4316 1263 4370 166166
1275 4317 1316 4370 P:

146 4457 149 4464 ,
204 4404 315 4459 leuiorb
367 4404 405 4461 14
423 4405 505 4459 aciem
517 4405 546 4458 t:
559 4405 640 4460 etiem
652 4405 680 4458 P
731 4403 767 4460 17
780 4407 920 4473 conspectu
932 4404 959 4457 P
1010 4401 1047 4458 18
1058 4402 1165 4456 Domini
1177 4409 1203 4457 et
1216 4401 1252 4459 19
1264 4402 1318 4456 Do·

201 4489 271 4543 mino
289 4491 305 4543 b
356 4490 394 4547 28
412 4491 481 4544 lueto
492 4489 593 4544 dabunt
606 4491 633 4546 P
684 4489 721 4547 29
740 4489 850 4559 gethaea
862 4489 890 4543 P

1095 4577 1115 4642 3
