3300 5142
320 533 380 598 136
735 525 882 596 Sulpicii
905 525 1020 580 Seueri

269 699 309 761 20
419 684 478 750 Sed
498 684 560 749 iam
585 684 677 748 finem
702 683 780 748 liber
805 682 955 764 postulat,
978 701 1076 747 sermo
1091 682 1276 749 claudendus
1290 685 1357 761 est,
1379 701 1440 750 non

318 789 398 872 quod
413 788 529 866 omnia,
553 807 628 870 quae
654 788 692 852 de
717 787 850 852 Martino
870 785 986 851 fuerint
1010 786 1151 865 dicenda,
1183 787 1362 866 defecerint,
1385 788 1439 853 sed

318 893 389 974 quia
403 909 472 970 nos,
495 892 531 956 ut
546 891 656 956 inertes
671 891 793 972 poetae,
816 891 950 954 extremo
973 889 1006 954 in
1025 907 1114 970 opere
1133 890 1339 975 neclegentes,
1361 890 1439 956 uicti

290 995 463 1060 emeteriae
477 994 558 1058 mole
573 993 808 1058 succumbimus.
831 1013 904 1058 nem
918 992 977 1057 etsi
1001 990 1083 1056 facta
1103 993 1188 1058 illins
1208 994 1353 1076 explicari
1367 1013 1438 1059 uer·

316 1098 365 1162 bis
380 1099 545 1178 utcumque
559 1098 738 1178 potuerunt,
761 1096 937 1161 interiorem
956 1096 1055 1160 uitam
1075 1095 1161 1160 illius
1181 1098 1213 1162 et
1232 1097 1437 1162 conuersatio·
1460 1109 1475 1144 ⁵

318 1220 388 1266 nem
399 1199 583 1264 ootidienam
595 1201 626 1264 et
636 1200 775 1264 animum
790 1200 873 1266 oeelo
888 1217 1006 1281 semper
1020 1199 1174 1265 intentum
1188 1199 1274 1265 nulle
1288 1219 1436 1283 umquem

317 1341 357 1350 -—
374 1321 444 1368 uere
464 1302 605 1385 profiteor
620 1339 659 1348 —
675 1303 760 1367 nulle
781 1302 945 1385 explicabit
965 1302 1070 1367 oratio.
1093 1301 1182 1367 illam
1196 1303 1314 1392 scilieet
1333 1321 1437 1384 perse-

316 1405 485 1470 uerantiam
500 1407 532 1471 et
546 1407 821 1488 temperamentum
835 1406 868 1470 in
883 1405 1067 1471 abstinentia
1081 1407 1113 1470 11
1127 1406 1159 1470 in
1174 1406 1312 1484 ieiuniis,
1327 1407 1437 1488 poten·

317 1509 395 1574 tiam
419 1509 452 1574 iu
478 1509 595 1592 uigiliis
622 1511 653 1574 et
677 1508 879 1587 orationibus,
902 1511 1065 1591 noctesque
1079 1509 1117 1573 ab
1132 1527 1166 1572 eo
1181 1508 1306 1591 perinde
1320 1527 1355 1573 ac
1370 1508 1436 1572 dies

314 1613 397 1676 actas
422 1611 602 1694 nullumque
627 1630 759 1676 uacuum
785 1612 823 1676 ab
849 1629 937 1694 opere
962 1612 1021 1677 Dei
1045 1613 1184 1694 tempus,
1217 1629 1276 1694 quo
1301 1611 1352 1676 uel
1372 1612 1473 1675 otioso

314 1714 476 1779 indulserit
491 1715 541 1779 uel
555 1714 692 1798 negotio,
715 1715 820 1781 sedne
835 1715 903 1779 cibo
918 1715 1042 1798 quidem
1058 1716 1113 1780 aut
1126 1732 1247 1792 somno,
1262 1715 1323 1780 nisi
1337 1734 1436 1798 quen-

285 1819 382 1882 etum
407 1818 532 1882 naturae
556 1817 718 1883 necessitas
745 1818 887 1902 cogebat,
908 1837 978 1884 uere
1003 1818 1135 1896 fatebor,
1157 1836 1218 1884 non
1244 1818 1270 1882 si
1295 1819 1376 1901 ipse,
1399 1821 1438 1882 ut

313 1920 415 1998 aiunt,
431 1920 469 1984 ab
484 1920 589 1986 inferis
600 1921 752 1985 Homerus
763 1923 945 2006 emergeret,
960 1924 1062 2003 posset
1072 1939 1231 2004 exponere:
1247 1921 1321 1986 adeo
1332 1920 1437 1985 omnia

313 2023 429 2089 maiora
452 2023 485 2089 in
510 2024 642 2089 Martino
669 2027 754 2103 sunt,
777 2043 869 2107 quam
890 2028 927 2090 ut
946 2025 1047 2090 uerbis
1067 2024 1184 2106 concipi
1199 2026 1320 2106 queant.
1342 2043 1435 2088 num-

313 2145 405 2209 quam
430 2127 504 2192 hora
530 2127 594 2192 ullu
618 2130 868 2210 momentumque
893 2128 1065 2209 praeteriit,
1088 2145 1147 2210 quo
1161 2145 1221 2192 non
1235 2130 1291 2192 aut
1304 2126 1435 2192 orationi
1446 2127 1492 2188 11·

311 2229 500 2295 incumberet
513 2234 568 2296 aut
587 2231 741 2296 insisteret
755 2231 894 2309 lectioni,
917 2249 1102 2313 quamquam
1122 2231 1217 2295 etium
1231 2230 1311 2296 inter
1330 2230 1436 2315 legen-

312 2332 386 2398 dum
401 2335 455 2397 aut
469 2333 495 2398 si
511 2334 586 2416 quid
600 2333 684 2398 eliud
701 2333 778 2398 forte
793 2333 921 2417 egebat,
943 2352 1112 2416 numquam
1137 2333 1276 2398 animum
1301 2332 1340 2397 ab
1366 2351 1435 2398 ora-

282 2434 392 2500 4tione
407 2436 538 2501 larebat.
561 2437 709 2500 nimirum
735 2437 770 2500 ut
796 2435 891 2501 febris
916 2434 1051 2501 ferrariis
1076 2437 1171 2501 moris
1195 2438 1257 2515 est,
1280 2435 1334 2518 qui
1354 2435 1435 2500 inter

310 2539 494 2618 operandum
508 2557 562 2621 pro
583 2531 715 2622 quodam
734 2538 847 2603 laboris
867 2538 1018 2604 leuamine
1037 2539 1179 2605 incudem
1199 2557 1287 2605 suam
1307 2538 1432 2616 ferinunt,

312 2639 357 2704 itu
371 2640 523 2706 Martinus
539 2642 647 2719 etiam,
671 2641 745 2706 dum
760 2641 845 2707 uliud
869 2661 959 2727 egere
984 2643 1154 2720 uideretur,
1177 2661 1296 2725 semper
1315 2641 1470 2706 11111111

281 2753 327 2808 51
342 2760 412 2808 uere
427 2743 475 2807 uir
488 2743 609 2821 beatus,
632 2745 665 2809 in
680 2762 739 2826 quo
754 2745 842 2810 dolus
856 2764 915 2810 non
936 2745 1011 2810 luit:
1033 2747 1187 2810 neminem
1201 2745 1355 2824 iudicans,
1377 2764 1432 2809 ne-

309 2845 424 2910 minem
444 2847 605 2924 damnans,
626 2847 705 2912 nulli
726 2835 844 2912 malum
863 2866 917 2929 pro
932 2832 1012 2912 malo
1028 2848 1164 2914 reddens.
1187 2849 1305 2912 tentem
1321 2848 1432 2932 quippe

308 2948 470 3014 aduersum
486 2967 589 3016 omnes
604 2951 731 3016 iniurias
752 2951 931 3033 patientiam
947 2952 1171 3033 adsumpserat,
1194 2953 1245 3029 ut,
1268 2969 1339 3015 cum
1353 2953 1433 3016 esset

307 3070 447 3117 summus
473 3053 625 3132 sacerdos,
648 3055 760 3136 inpune
786 3055 881 3120 etiem
905 3053 943 3118 ab
970 3053 1085 3118 infimis
1110 3053 1228 3118 clericis
1252 3053 1433 3131 lsederetm,

307 3173 361 3218 neo
375 3157 497 3238 propter
511 3157 543 3220 id
559 3174 608 3221 eos
623 3158 678 3221 aut
691 3157 756 3221 loeo
772 3176 920 3239 umquam
930 3157 1081 3222 amouerit
1095 3159 1150 3222 ant
1163 3176 1183 3221 a
1195 3175 1266 3236 sua,
1283 3159 1432 3239 quantum
1441 3176 1467 3216 ss

307 3257 341 3322 in
355 3257 420 3339 ipso
436 3259 512 3338 fuit,
536 3259 662 3324 caritate
676 3259 851 3342 reppulerit.

257 3352 297 3418 17
349 3359 446 3424 Nemo
468 3381 615 3444 umquam
635 3363 727 3427 illum
747 3363 830 3428 uidit
849 3364 978 3442 iratum,
1000 3383 1090 3430 nemo
1116 3365 1320 3444 commotum,
1343 3382 1432 3429 nemo

307 3464 506 3542 maerentem,
535 3483 622 3529 nemo
642 3465 807 3532 ridentem:
836 3487 915 3532 unus
934 3468 1076 3550 idemque
1096 3467 1159 3532 fuit
1179 3485 1313 3550 semper,
1335 3467 1432 3532 caele·

357 3721 375 3776 2
393 3720 494 3774 luerint
509 3723 544 3777 V:
557 3722 663 3776 luerunt
674 3723 746 3777 AFu
765 3725 776 3792 ΙΙ
796 3722 934 3778 delicerint
949 3725 975 3779 V
1023 3724 1231 3794 5potuerintF
1239 3727 1310 3792 (non
1321 3724 1385 3778 idem
1394 3724 1430 3789 V)

316 3807 329 3874 11
357 3805 517 3862 cotidianum
530 3823 645 3862 conuers.
659 3809 716 3863 AF
783 3809 1001 3879 iproflteturF
1026 3811 1039 3876 ΙΙ
1067 3811 1145 3864 nulla
1164 3810 1284 3864 ΑΒΓΜ
1286 3811 1323 3864 V:
1351 3827 1431 3864 oreo

358 3891 422 3948 811
433 3893 462 3947 in
475 3894 517 3947 iai.
536 3895 572 3948 V:
592 3897 619 3948 et
636 3894 679 3948 iei.
698 3895 768 3950 AFo
828 3895 846 3951 9
865 3898 894 3949 11
913 3895 943 3949 in
963 3895 1068 3966 uigiliis
1084 3889 1116 3950 V
1127 3899 1140 3965 11
1159 3899 1250 3950 noctes
1266 3896 1365 3950 Vada.
1379 3913 1431 3966 que

304 3993 325 4032 s.
338 3977 355 4031 1.
368 3977 463 4033 eudem
473 3997 506 4033 m.
528 3981 541 4049 11
559 3979 667 4049 perinde
680 3980 713 4035 ab
726 3982 844 4048 eoApr.
857 3998 891 4035 m.
963 3983 999 4039 11
1019 3999 1052 4036 ne
1072 3983 1131 4036 cibo
1152 3983 1248 4037 AFV:
1267 3999 1315 4036 nec
1336 3981 1432 4038 cibos

316 4063 328 4130 ΙΙ
357 4063 463 4132 quidem
486 4071 549 4134 post
570 4081 659 4120 somno
679 4067 777 4120 tabent
797 4066 869 4121 AFv
896 4069 909 4136 11
936 4070 1066 4136 quuntum
1091 4069 1128 4122 V.-
1162 4068 1341 4137 inquantum
1362 4067 1433 4122 AFc

358 4150 395 4205 12
412 4151 500 4220 coegit
511 4151 574 4205 MV
592 4153 604 4220 ΙΙ
623 4167 674 4205 non
686 4151 740 4205 nisi
751 4151 782 4206 F
844 4152 881 4210 13
898 4169 1003 4208 omerus
1014 4155 1082 4219 AF,
1105 4169 1213 4223 omyrns
1229 4155 1256 4208 V
1272 4154 1285 4221 ΙΙ
1305 4154 1391 4222 possit
1407 4155 1433 4208 V

315 4237 327 4302 ΙΙ
349 4235 480 4304 explicare
492 4238 522 4291 F
531 4238 562 4290 ia
574 4253 627 4291 rae.
641 4254 674 4292 m.
688 4241 708 4290 2
778 4237 814 4294 17
833 4237 894 4307 quit
905 4239 976 4293 aliut
990 4241 1018 4293 V
1033 4241 1046 4307 ΙΙ
1065 4239 1099 4294 ab
1110 4239 1264 4310 operatione
1280 4241 1317 4309 V,
1334 4240 1384 4295 eod
1395 4257 1428 4309 pe

302 4337 336 4375 m.
358 4322 476 4390 antiqua
492 4328 589 4390 punct.
652 4323 688 4380 21
708 4323 752 4377 uir
773 4324 876 4378 BMV:
895 4340 944 4379 om.
967 4326 1038 4380 AFo
1060 4327 1072 4393 ΙΙ
1094 4342 1162 4380 nem.
1180 4325 1309 4381 damnans
1326 4327 1352 4380 V
1368 4343 1389 4381 s.
1412 4328 1429 4383 l.

302 4407 396 4475 habet,
415 4408 546 4462 neminem
558 4407 760 4464 condemnenus
828 4409 867 4466 23
885 4409 1013 4465 aduersus
1029 4412 1059 4465 F
1125 4411 1163 4468 27
1181 4427 1257 4466 nemo
1269 4414 1432 4467 commotum

303 4507 352 4547 om.
367 4494 424 4547 AF
472 4493 510 4551 28
528 4493 581 4548 fuit
599 4495 633 4548 V:
652 4511 701 4552 ore.
718 4495 789 4550 AFe
