3300 5142
368 520 413 585 20
787 519 930 572 linueii
948 520 1080 573 Felicis

369 695 440 741 rum
454 675 612 740 nummum
632 675 760 740 flumine
778 676 946 741 diluamus.
977 697 1032 741 uec
1054 678 1259 742 dimimuhbo
1281 679 1432 762 principio
1451 682 1493 745 ita

370 780 492 845 Natalis
505 781 568 846 mei
582 783 755 856 errantem,
770 801 903 864 uagam,
932 781 1085 846 lubrimm
1100 784 1225 846 nummu
1239 785 1440 862 sententiam,
1460 794 1492 850 ut

369 883 412 947 sit
433 884 523 948 nobis
541 885 780 967 ambigendum
810 885 917 948 uuum
931 885 1070 949 uersutia
1083 886 1211 950 turbate
1221 887 1280 964 sit,
1310 907 1350 952 an
1368 889 1492 953 uacilla-

340 987 451 1056 2uerit
464 1005 519 1068 per
531 1005 674 1051 errorem
703 1006 777 1052 umn
791 988 918 1051 inierim
932 989 1005 1052 deos
1019 989 1157 1066 credere,
1181 989 1306 1054 interim
1333 1010 1367 1055 se
1381 991 1491 1056 delibe-

367 1109 437 1155 rare
455 1091 609 1166 uariauit,
631 1095 669 1155 ut
688 1091 904 1173 propositionis
925 1091 1040 1155 incerto
1067 1092 1212 1156 incertior
1225 1094 1430 1174 responsionis
1443 1112 1508 1158 nos
1589 1132 1590 1135 =

367 1196 451 1258 atrae
466 1193 596 1258 intentio
610 1193 800 1258 fundaretur.
832 1194 885 1258 sed
901 1195 934 1258 iu
948 1194 1055 1258 Natali
1073 1214 1143 1259 meo
1158 1197 1329 1260 uersutiam
1343 1197 1424 1267 nolo,
1439 1219 1492 1262 non

368 1295 472 1361 medo:
488 1296 656 1378 proculcet
668 1297 708 1360 ab
722 1298 790 1360 eius
804 1297 1008 1380 simplicitate
1022 1299 1149 1362 subtilis
1160 1299 1329 1365 urbanitas.
1345 1303 1423 1384 quid
1437 1302 1492 1386 igi-
1589 1294 1590 1313 ¹

339 1402 442 1464 atur?
456 1401 494 1462 ut
507 1399 561 1480 qui
575 1401 693 1464 rectam
707 1401 793 1464 uiam
807 1401 923 1476 nescit,
940 1401 1009 1473 ubi,
1025 1404 1062 1464 nt
1083 1402 1130 1478 fit,
1147 1403 1180 1466 in
1193 1404 1299 1486 plures
1313 1424 1377 1468 una
1394 1405 1491 1468 diffin-

368 1502 463 1578 ditur,
479 1501 567 1584 [qnia
580 1501 665 1566 uiam
679 1503 792 1585 nescit]
807 1503 915 1568 haeret
929 1505 1037 1567 anxius
1051 1523 1107 1569 nec
1121 1507 1261 1589 singulas
1275 1507 1372 1572 audet
1386 1509 1492 1592 eligere

368 1623 423 1670 nec
434 1605 593 1669 uniuersas
603 1606 748 1686 probare:
764 1607 871 1670 siconi
885 1625 945 1671 uon
961 1611 1009 1670 est
1019 1609 1087 1672 ueri
1101 1608 1215 1673 stabile
1229 1610 1393 1681 iudicium,
1408 1618 1491 1694 prout
1499 1635 1518 1673 u

339 1709 464 1774 dinfida
477 1709 610 1791 suspicio
625 1710 791 1792 spargitur.
807 1710 853 1773 ita
867 1709 933 1773 eius
947 1711 1042 1775 dubia
1056 1711 1160 1794 opinio
1175 1713 1352 1796 dissipatur.
1376 1716 1491 1780 nullum

367 1813 473 1896 itaque
487 1813 674 1877 miraculum
688 1815 746 1889 est,
766 1814 794 1877 si
808 1811 959 1878 Caecilius
983 1815 1152 1880 identidem
1167 1817 1199 1880 in
1215 1817 1379 1881 contrariis
1402 1837 1436 1882 ae
1450 1835 1492 1881 re-

366 1916 577 2000 pugnantibus
591 1917 734 1994 iactetur,
756 1919 888 1992 aestuet,
911 1916 1087 1982 fluctuetur.
1115 1919 1197 2000 quod
1218 1939 1256 1984 ne
1277 1919 1334 1984 liat
1355 1921 1489 1996 ieiunus,

367 2019 548 2084 conuincam
563 2021 596 2084 ot
609 2020 803 2103 redarguam.
828 2022 971 2102 quamuis
992 2021 1057 2085 sint
1078 2023 1202 2086 diuersa
1215 2042 1295 2104 quae
1309 2023 1397 2088 dicta
1418 2025 1491 2095 suni,

367 2143 429 2189 uua
442 2125 574 2188 uenata
587 2123 767 2189 confirmata
785 2125 973 2205 probataque
992 2143 1048 2189 uec
1073 2123 1279 2191 dubitandum
1300 2126 1329 2191 oi
1344 2127 1384 2191 de
1401 2129 1516 2192 oetems

339 2230 415 2294 teat
427 2246 484 2292 neo
497 2228 684 2312 negandum.
701 2229 734 2292 et
747 2227 895 2308 quoniam
910 2247 998 2292 meus
1014 2227 1110 2292 irater
1124 2228 1236 2312 empit,
1253 2249 1346 2312 aegre
1360 2249 1396 2295 se
1410 2230 1489 2301 ferre,

366 2329 569 2406 stomachari,
584 2330 754 2413 indignari,
769 2331 891 2406 dolere,
907 2329 1099 2408 inliteratos,
1114 2349 1279 2414 pauperae,
1296 2333 1446 2416 inperitos
1459 2333 1490 2396 de

367 2435 458 2499 robus
470 2433 653 2498 caelestibus
665 2434 831 2515 disputare,
844 2434 923 2498 sciat
934 2451 1039 2498 omncs
1050 2433 1189 2498 homines
1204 2436 1270 2498 sine
1285 2435 1404 2501 dilectu
1415 2437 1490 2500 aeta·

367 2538 418 2614 tis,
434 2557 534 2612 sexus,
550 2537 713 2620 dignitatis
728 2537 858 2600 rationis
873 2538 906 2601 et
916 2554 1023 2601 sensus
1034 2555 1160 2619 capaces
1175 2538 1208 2602 et
1221 2537 1342 2602 habiles
1356 2557 1491 2620 procrea·

366 2643 415 2704 tos
430 2660 486 2706 noc
500 2640 625 2705 fortuna
637 2642 772 2717 nanctus,
788 2641 842 2705 sed
857 2641 968 2706 natura
990 2640 1100 2706 insitos
1115 2659 1180 2706 osse
1195 2642 1397 2723 sapientiam:
1425 2643 1517 2724 quina

367 2744 448 2826 ipsos
463 2743 558 2807 etiam
573 2742 782 2825 philosophos,
798 2745 849 2808 uel
870 2745 965 2826 siqui
988 2744 1044 2808 alii
1065 2744 1182 2808 artium
1195 2747 1363 2826 repertores
1385 2747 1419 2810 in
1433 2763 1490 2809 me

367 2846 481 2911 moriae
502 2847 662 2925 exierunt,
691 2847 871 2930 priusquam
893 2847 1032 2913 sollertia
1064 2848 1178 2912 mentis
1200 2850 1342 2931 parerent
1362 2847 1490 2915 nominis

419 3121 435 3178 1
454 3121 563 3176 flumine
576 3122 731 3175 Meureiue:
751 3120 779 3173 in
799 3121 900 3174 lumino
920 3122 976 3186 Pr,
995 3121 1096 3176 lumino
1113 3123 1261 3189 Geleniue,·
1289 3121 1324 3187 cf.
1339 3120 1441 3174 Dauie.
1458 3116 1492 3170 ud

365 3210 390 3264 le.
403 3209 420 3264 l.
468 3209 487 3265 2
499 3211 645 3262 mutasser
693 3209 712 3264 3
724 3208 845 3260 uersutia
857 3208 968 3261 turbata
980 3209 1017 3262 sit
1029 3209 1075 3278 (sc.
1089 3210 1203 3264 Natalis
1214 3208 1363 3276 sententio)
1373 3206 1488 3260 Venta:

365 3298 414 3349 tua
425 3295 540 3348 eruditio
552 3293 663 3349 turbata
675 3293 713 3347 sit
726 3295 768 3347 Pr
819 3294 838 3352 5
857 3294 1006 3349 declarauit
1026 3296 1163 3363 Wopkens
1183 3296 1196 3362 ll
1216 3293 1342 3347 incertior
1358 3293 1489 3346 Vrsinus:

365 3382 463 3436 certior
476 3383 529 3444 Pr,
542 3397 595 3435 non
606 3381 704 3434 certior
719 3380 813 3434 Voucl·
824 3381 857 3434 L.
872 3381 904 3434 L.
917 3399 944 3448 p.
959 3385 993 3434 55
1046 3381 1064 3438 6
1078 3382 1176 3434 Natele
1189 3381 1341 3434 Heumann
1396 3379 1414 3434 'i
1433 3377 1490 3430 sim-

365 3467 490 3537 plicitate
507 3467 652 3521 Gelenius:
671 3467 825 3520 subtilitate
843 3467 1019 3536 simplicitate
1032 3468 1074 3521 Pr·
1126 3467 1145 3523 8
1163 3470 1195 3520 ut
1206 3466 1238 3519 fit
1256 3465 1406 3519 Gelenius:
1419 3462 1491 3516 utsit

366 3555 409 3608 Pr
424 3555 437 3622 ΙΙ
453 3553 605 3608 diii'mditur
621 3552 766 3608 Gelenius:
778 3553 938 3607 diffunditur
951 3555 1009 3623 Pr,·
1022 3555 1057 3621 cs.
1076 3553 1154 3622 Verp.
1169 3553 1237 3607 Aen.
1253 3556 1279 3618 6,
1293 3555 1350 3606 540
1403 3550 1421 3607 9
1434 3548 1491 3617 quit

366 3641 405 3708 P,
417 3640 465 3694 aed
477 3656 493 3693 a
505 3655 594 3708 noea,
613 3641 677 3694 tino
689 3641 736 3709 qui
748 3657 776 3705 r;
796 3641 860 3708 quia
872 3641 946 3694 uiam
957 3639 1043 3694 nescit
1055 3641 1128 3694 obelo
1136 3640 1247 3694 notauit
1256 3637 1403 3706 Wopkens,
1417 3649 1490 3704 quam

364 3726 438 3780 uiam
459 3727 533 3780 ineat
553 3726 646 3780 haeret
658 3726 751 3780 anxius
767 3727 873 3782 Vahlen
896 3729 908 3794 ΙΙ
928 3725 1044 3780 heretP
1092 3727 1128 3783 11
1148 3724 1290 3795 auspitior
1336 3723 1372 3780 13
1392 3721 1491 3776 aestuet

364 3812 521 3867 Masurius:
541 3815 618 3866 aestu
634 3815 662 3865 et
674 3813 717 3867 Pr
777 3813 814 3869 14
827 3813 990 3867 comuincam
1002 3813 1030 3866 P
1051 3814 1063 3881 11
1086 3811 1252 3880 redarguam.
1265 3807 1402 3879 quamuis]
1414 3811 1453 3862 si'c
1463 3807 1490 3859 in

343 3908 349 3921 ‘
365 3899 392 3954 P
406 3900 568 3954 autunum
580 3904 634 3965 est;
652 3899 811 3968 redarguam
820 3899 943 3966 quamuis
953 3899 1037 3968 uulgo
1057 3900 1069 3966 il
1091 3898 1214 3966 quamuis
1223 3896 1330 3950 diuersa
1342 3911 1411 3964 quae
1422 3893 1490 3948 diota

365 3986 501 4040 suntuna
521 3984 638 4038 ueritate
654 3983 809 4038 confirmata
829 3988 967 4054 prouataq.
987 3985 1042 4038 sint
1058 3999 1106 4038 nec
1125 3985 1166 4052 P;
1194 3983 1308 4037 acerbum
1326 3983 1394 4045 sint,
1422 3977 1490 4050 quod

364 4071 456 4126 uitem
465 4073 522 4126 loco
528 4073 650 4140 positum
661 4087 716 4124 esce
724 4078 850 4140 apparet,
861 4071 920 4126 Joc.
932 4073 1091 4126 Gronouiuo
1099 4076 1163 4139 post
1173 4070 1280 4124 diuema
1289 4068 1461 4137 transposuit

367 4158 403 4216 15
415 4157 448 4210 do
461 4160 548 4211 cetero
559 4157 613 4210 erit
623 4158 717 4211 neuim
761 4157 797 4214 17
811 4158 990 4212 stomuoariP
1030 4157 1067 4214 18
1077 4157 1193 4224 soietril
1208 4155 1338 4209 delectur
1386 4153 1489 4222 191)ῐο-

365 4246 467 4298 creatos
477 4243 685 4297 eascMeursiue
738 4244 777 4300 20
787 4247 880 4299 nactos
894 4261 911 4297 r
926 4246 938 4312 ΙΙ
954 4243 1076 4314 indeptos
1086 4259 1143 4297 esso
1152 4243 1304 4304 Wowerue,
1318 4240 1425 4294 indutos
1437 4251 1490 4292 osse

369 4329 517 4398 Wopkens,
537 4330 647 4384 insitam
667 4330 765 4384 habore
783 4331 929 4397 Iniurium
947 4347 995 4384 neo
1008 4330 1117 4384 fortuna
1134 4329 1238 4393 datam
1261 4326 1307 4380 sed
1319 4331 1417 4380 natura
1428 4323 1490 4378 insi·

363 4415 662 4485 tamosaoaupientiam
673 4416 811 4470 Douieiacs
873 4417 909 4473 21
922 4415 1067 4486 philosofos
1080 4416 1108 4469 P
1171 4415 1209 4470 22
1228 4413 1350 4468 exierunt
1361 4413 1400 4481 P,
1419 4407 1490 4464 sedi

364 4504 495 4558 aim2
