3300 5142
335 503 377 568 98
754 495 904 564 Sulpicii
925 495 1042 549 Seueri

335 656 418 722 lilius
432 655 616 738 negabatur,
640 655 778 718 creatura
793 655 915 728 tamen,
937 653 1037 734 potior
1055 652 1178 716 tautum
1199 650 1310 716 ceteris
1323 667 1458 732 pronun-

307 759 481 829 8tiabatur.
498 759 543 822 ita
558 759 667 822 neutra
681 775 753 838 pars
769 755 879 819 uicisse
894 775 926 819 se
940 755 1064 837 penitus
1078 755 1133 818 aut
1147 755 1264 818 uictam
1277 753 1388 836 putare
1401 769 1457 834 po·

336 862 433 938 ont,
471 861 542 942 qnia
562 859 637 924 fides
658 859 725 941 ipsa
744 876 798 940 pro
827 858 989 934 Arrianis,
1022 857 1224 940 professiones
1252 873 1325 920 uero
1352 857 1459 937 postea

336 965 473 1030 allectae
498 981 553 1045 pro
577 962 690 1026 nostris
706 963 807 1038 erant,
830 962 951 1044 praeter
964 961 1071 1036 illam,
1093 979 1187 1041 quam
1202 959 1316 1024 Valens
1330 958 1459 1024 subiun-

336 1069 437 1142 rerst,
453 1085 530 1147 quae
544 1067 613 1128 tum
627 1083 690 1126 aaa
705 1063 862 1128 intellecta
876 1081 943 1128 sero
957 1063 1082 1128 demum
1096 1062 1312 1127 animaduersa
1324 1063 1381 1126 est.
1402 1059 1460 1124 buc
1484 1073 1497 1110 ⁵

336 1189 408 1236 uero
423 1169 513 1233 modo
527 1168 689 1232 concilium
705 1167 884 1245 dimissum,
918 1167 995 1231 bono
1008 1167 1097 1232 initio
1117 1166 1205 1231 foedo
1219 1166 1304 1231 exitu
1317 1182 1459 1228 cousum-

336 1276 467 1338 matum.

286 1389 326 1451 45
379 1375 481 1458 Igitur
495 1373 620 1438 Arriani
636 1375 725 1440 rebus
741 1374 875 1438 nimium
889 1391 1031 1455 prospere
1046 1373 1078 1436 et
1092 1371 1259 1436 secuudum
1274 1373 1348 1435 nota
1360 1369 1459 1434 fluen-

336 1477 420 1544 tibus
442 1475 737 1560 Constantinopolim
764 1477 803 1542 ed
828 1477 1047 1558 imperatorem
1068 1475 1268 1539 concurrunt:
1290 1473 1335 1538 ibi
1355 1491 1459 1555 reper-

337 1583 385 1646 tos
411 1579 610 1646 seleuciensis
639 1581 746 1663 synodi
771 1580 892 1662 legatos
917 1579 950 1642 ui
976 1578 1061 1662 regia
1086 1578 1288 1660 compellunt,
1321 1575 1499 1657 exemplem

308 1682 578 1748 20oeidentalium
600 1702 729 1766 prauam
754 1683 844 1746 illam
856 1681 950 1763 fidem
970 1682 1112 1763 recipere.
1135 1680 1272 1764 plerique
1292 1680 1461 1745 abnuentes

335 1787 483 1852 miuriosa
508 1785 647 1850 custodia
672 1805 708 1850 ao
733 1785 815 1849 fame
830 1785 926 1848 etiam
947 1785 1050 1848 uexati
1073 1784 1230 1866 captiuam
1245 1783 1460 1848 conscientiam

336 1890 454 1954 dedere.
488 1889 580 1954 multi
617 1889 806 1953 constantius
841 1887 1009 1952 renitentes
1036 1886 1179 1968 adempto
1214 1887 1391 1968 episcopatu
1427 1886 1460 1950 iu

337 1992 464 2057 erilium
476 1991 593 2056 detrusi
604 1993 696 2072 atque
710 1990 743 2055 in
757 2011 864 2056 eorum
878 1990 980 2055 locum
995 1989 1049 2054 alii
1064 1989 1139 2054 dati.
1156 1990 1203 2054 ita
1216 1989 1343 2071 optimis
1358 2006 1459 2053 sacer·

337 2093 461 2160 dotibus
482 2096 537 2159 aut
558 2097 643 2158 metu
666 2095 783 2158 territis
799 2095 854 2160 aut
868 2093 959 2158 exilio
979 2093 1118 2157 deductis
1132 2092 1277 2175 perfidiae
1291 2109 1496 2174 paucorumne

308 2197 439 2263 amnesi
454 2201 671 2262 concesserant.
695 2197 802 2262 aderat
816 2197 861 2262 ibi
882 2198 951 2260 tum
966 2196 1121 2272 Hilarius,
1145 2215 1164 2260 a
1183 2195 1321 2260 Seleucia
1340 2195 1461 2278 legatos

337 2301 476 2378 secutus,
491 2301 585 2365 nullis
600 2301 691 2364 certis
706 2301 744 2364 de
759 2319 791 2365 se
805 2300 962 2365 mandatis
976 2301 1134 2382 opperiens
1145 2299 1340 2381 imperatoris
1350 2297 1461 2362 uolun-

337 2405 450 2480 tatem,
474 2404 500 2467 si
516 2401 645 2467 forsitan
666 2403 765 2467 redire
785 2404 825 2466 ad
847 2403 976 2466 erilium
989 2402 1155 2466 iuberetur.
1178 2403 1206 2466 is
1221 2401 1274 2466 ubi
1289 2404 1462 2465 extremum

338 2505 409 2571 fidei
426 2504 597 2586 periculum
617 2505 853 2580 animaduertit,
876 2504 1124 2569 occidentalibus
1139 2504 1274 2586 deceptis
1290 2502 1462 2567 Orientales

338 2627 392 2691 per
412 2607 510 2672 scelus
525 2608 622 2684 uinci,
645 2608 744 2672 tribus
769 2607 883 2672 libellis
907 2608 1030 2690 publice
1054 2608 1138 2672 datis
1163 2608 1353 2672 audientiam
1379 2606 1499 2689 regisse

311 2710 485 2794 spoposcit,
501 2712 537 2774 ut
552 2710 590 2774 de
605 2711 664 2775 lide
679 2729 781 2775 coram
797 2710 982 2776 aduersariis
993 2711 1187 2793 disceptaret.
1203 2711 1236 2774 id
1249 2729 1322 2775 uero
1335 2709 1461 2774 Arriani

340 2811 473 2878 maximo
488 2831 576 2894 opere
590 2813 731 2878 abnuere.
754 2815 908 2895 postremo
923 2815 1011 2894 qnasi
1025 2814 1195 2878 discordiae
1209 2813 1409 2878 seminarium
1430 2815 1463 2877 et

340 2915 534 2998 perturbator
562 2915 697 2980 Orientis
724 2916 822 2980 redire
849 2917 887 2980 ad
913 2917 1033 2981 Gallias
1061 2916 1199 2992 iubetur,
1238 2917 1353 2998 absque
1377 2914 1462 2980 exilii

311 3018 540 3102 tindulgentia.
563 3036 672 3082 uerum
698 3019 751 3082 nbi
775 3038 954 3101 permensus
980 3021 1028 3084 est
1050 3020 1154 3084 orbem
1180 3037 1275 3102 paene
1298 3020 1461 3096 terrarum,

340 3121 422 3186 malo
442 3120 588 3203 perfidiae
609 3120 774 3199 infectum,
803 3121 916 3187 dubius
935 3123 1031 3187 animi
1050 3122 1082 3186 et
1096 3141 1209 3204 magna
1224 3140 1366 3186 curarum
1380 3121 1498 3186 melea

340 3225 497 3300 aestuans,
520 3242 591 3287 cum
611 3223 763 3304 plerisque
785 3225 942 3290 uideretm
962 3244 1022 3290 non
1042 3225 1209 3289 ineundam
1228 3242 1299 3288 cum
1313 3224 1362 3288 his
1377 3242 1462 3288 oom-

341 3325 532 3402 munionem,
565 3325 618 3406 qui
644 3325 873 3392 Ariminensem
899 3328 1049 3411 synodum
1074 3328 1274 3410 recepissent,
1308 3328 1462 3410 optimum

341 3427 426 3493 lactu
447 3427 615 3493 arbitratus
640 3448 781 3494 reuocare
796 3431 921 3495 cunctos
941 3431 979 3496 ad
1001 3431 1244 3495 emendationem
1258 3433 1290 3494 et
1304 3431 1462 3512 paeniten-

341 3531 437 3606 tiam,
460 3528 669 3611 frequentibus
695 3533 778 3597 iutra
803 3532 921 3598 Galbae
946 3534 1100 3610 conciliis,
1122 3536 1216 3614 atque
1235 3534 1376 3598 omnibus
1398 3531 1462 3597 fere

342 3631 491 3714 episeopis
517 3632 554 3696 de
580 3652 678 3698 errore
703 3635 933 3717 profitentibus,
956 3636 1038 3719 apud
1052 3635 1230 3700 Ariminum
1250 3639 1339 3719 gesta
1353 3636 1500 3701 conde-so

314 3737 429 3805 emeat
452 3735 483 3798 et
504 3735 535 3798 iu
559 3738 676 3801 statum
691 3739 857 3820 pristinum
877 3741 1075 3804 ecclesiarum
1094 3738 1186 3803 fidem
1208 3739 1362 3804 reformat.
1386 3739 1462 3804 resi·

343 3837 445 3904 stabat
470 3838 551 3902 sanis
577 3840 712 3906 consiliis
738 3841 921 3907 Saturninus
946 3841 1175 3906 Arelatensimn
1201 3843 1377 3924 episcopus,
1414 3843 1464 3906 uir

395 4025 482 4082 5non
500 4026 529 4078 b:
557 4042 604 4078 om.
628 4027 655 4080 P
726 4028 835 4084 barritu
858 4029 886 4082 P
907 4030 920 4096 ll
942 4031 984 4082 cst
1003 4029 1246 4083 consummatumb
1298 4028 1463 4085 8nirnirum

343 4109 458 4164 malebat
470 4109 503 4162 de
515 4112 603 4165 Proto
625 4113 637 4179 ΙΙ
660 4128 723 4167 nora
736 4114 930 4168 Polaailetur
982 4115 1017 4170 11
1036 4114 1159 4169 fiderat:
1183 4132 1231 4170 om.
1245 4115 1274 4170 P
1326 4116 1363 4172 12
1380 4115 1463 4169 dmm

343 4211 392 4248 noa.
414 4195 429 4248 b
511 4197 547 4252 13
569 4197 692 4252 dedidere
713 4201 780 4254 coel.
803 4200 837 4253 dc
857 4201 946 4254 Proto
976 4203 989 4268 ΙΙ
1019 4201 1164 4255 retinentes
1184 4202 1223 4265 P,
1249 4217 1296 4255 cra
1323 4201 1464 4256 (ibelim

397 4281 538 4336 feroran
557 4283 583 4336 P
645 4284 683 4340 22
701 4284 814 4338 maximo
834 4301 911 4354 opere
932 4287 974 4340 P:
998 4287 1201 4354 maximopcrcb
1264 4286 1304 4344 30
1320 4292 1379 4356 epis
1398 4288 1462 4355 (aa.

343 4366 483 4436 episeopis)
504 4369 542 4434 P,
562 4375 593 4421 ut
614 4371 682 4423 coni.
710 4370 862 4426 Gieeliaua:
893 4373 1048 4441 epistolist
1071 4375 1084 4441 ΙΙ
1105 4372 1465 4441 condempnat-reformat

344 4452 372 4505 P
383 4451 429 4520 (de
439 4469 492 4520 qao
504 4452 537 4506 de
550 4453 637 4507 Proto
648 4456 722 4520 salsa
733 4456 849 4525 tradit):
866 4458 1078 4513 condemnant-
1091 4457 1234 4512 reformant
1250 4458 1267 4512 b
