3300 5142
621 538 783 596 Octauius
801 554 822 592 c.
844 537 965 596 28-30.
1311 541 1358 605 43

226 694 275 762 ias
289 699 347 776 est,
364 697 417 762 sed
432 698 469 762 ut
484 696 550 762 deis
564 694 697 777 turpiter
711 694 851 760 adulatio
862 694 940 759 falsa
955 693 1123 772 blanditur,
1139 713 1209 759 curn
1225 695 1257 759 et
1266 712 1357 776 prae·

226 800 309 866 clauo
330 800 397 864 uiro
412 799 509 864 honor
529 798 633 864 uerius
653 799 685 864 et
705 798 822 880 optimo
844 815 930 862 amor
950 796 1071 862 dulcius
1091 798 1282 880 praebeatur.
1311 797 1357 862 sic

226 921 333 969 eorum
355 921 469 968 numen
488 902 615 980 uocant,
636 901 675 966 ad
695 899 849 985 imagines
870 899 1063 984 supplicant,
1084 901 1225 984 genium,
1254 899 1287 964 id
1308 899 1357 965 est

227 1005 408 1071 daemonem
423 1023 529 1071 eornm
545 1002 721 1086 implorant,
749 1004 781 1067 et
806 1002 854 1069 est
878 1003 923 1068 eis
947 1001 1047 1066 tutius
1061 1021 1116 1086 per
1130 1002 1215 1066 louis
1230 1002 1357 1087 genium

205 1109 362 1192 epeierare
377 1127 470 1190 quam
486 1108 578 1191 regis.
606 1123 710 1172 cruces
725 1106 823 1171 etiam
837 1123 893 1171 nec
907 1105 1037 1171 colimus
1052 1123 1109 1170 nec
1123 1107 1275 1188 optamus.
1301 1115 1386 1170 noso

225 1212 333 1295 plane,
350 1211 403 1293 qui
419 1211 537 1294 ligneos
552 1209 625 1275 deos
639 1209 840 1288 consecratis,
856 1225 960 1273 cruces
974 1208 1092 1293 ligneas
1108 1211 1144 1273 ut
1160 1208 1287 1274 deorum
1302 1226 1356 1273 ue·

225 1317 361 1380 strorum
374 1313 477 1396 partes
488 1312 618 1378 forsitan
633 1311 778 1377 adoratis.
802 1331 876 1377 nam
891 1313 922 1377 et
937 1311 1027 1396 signa
1037 1311 1105 1393 ipse
1120 1312 1151 1376 et
1165 1311 1311 1376 0001101)το
1325 1311 1386 1376 eto

224 1417 339 1483 uexilla
359 1418 530 1483 castrorum
554 1415 629 1498 quid
648 1414 735 1480 allud
756 1434 850 1497 quam
873 1415 1030 1481 inauratae
1045 1433 1149 1480 cruces
1164 1414 1237 1479 sunt
1259 1415 1291 1479 et
1306 1431 1356 1479 or·

224 1520 337 1585 natos?
348 1520 474 1602 tropaea
483 1519 587 1585 uestra
598 1518 809 1587 unctricianon
820 1519 944 1583 tanturn
956 1517 1108 1600 simplicis
1120 1517 1219 1583 crucis
1235 1517 1355 1595 faciem,

191 1641 336 1688 nouorum
351 1623 383 1688 et
402 1622 495 1687 adfixi
517 1621 651 1686 hominis
676 1621 849 1686 imitanum
881 1621 1007 1704 signum
1027 1638 1100 1685 sane
1116 1619 1214 1686 crucis
1229 1621 1387 1689 natura-8

225 1725 298 1791 liter
318 1725 451 1790 risimus
472 1725 505 1790 in
520 1725 608 1802 neni,
632 1742 703 1789 cum
725 1724 805 1789 uelis
830 1721 1023 1788 tumentibus
1046 1722 1185 1802 uehitur,
1209 1740 1281 1787 cum
1304 1741 1357 1786 ex-

224 1828 328 1910 pansis
342 1827 490 1910 palmulis
506 1826 636 1892 labitur:
664 1828 697 1892 et
722 1845 794 1892 oum
809 1825 942 1910 erigitur
964 1826 1084 1910 iugum,
1108 1825 1208 1891 crucis
1229 1825 1357 1909 signum

226 1932 282 2010 est,
302 1930 334 1995 et
349 1947 420 1994 cum
434 1930 525 1995 homo
540 1929 689 2011 porrectis
703 1929 848 1995 manibus
864 1929 965 1994 Deum
977 1948 1055 2010 pura
1065 1930 1169 1994 mente
1181 1929 1355 1994 ueneratur.

225 2033 271 2098 ita
291 2033 380 2117 signo
395 2033 493 2096 crucis
520 2033 576 2097 aut
595 2033 675 2097 ratio
696 2031 848 2098 naturalis
869 2029 1015 2097 innititur
1046 2033 1102 2097 eut
1122 2033 1226 2097 uestra
1247 2031 1357 2114 religio

191 2135 389 2201 reformatur.

270 2238 366 2302 Illum
381 2238 444 2303 iam
460 2237 555 2303 uelim
571 2237 747 2318 conuenire,
771 2239 825 2320 qui
840 2237 960 2303 initiari
973 2255 1028 2302 nos
1044 2237 1120 2302 dicit
1135 2241 1190 2303 sut
1206 2238 1305 2303 credit
1320 2239 1358 2303 de
1368 2241 1410 2304 30

225 2341 317 2406 coede
332 2340 462 2406 infantis
478 2342 509 2406 ot
524 2341 681 2426 sanguine.
710 2344 802 2424 putas
817 2358 905 2424 posse
920 2341 997 2419 fieri,
1020 2342 1137 2406 uttam
1152 2341 1257 2419 molle,
1288 2342 1357 2406 tam

225 2444 392 2527 paruulum
407 2459 515 2526 corpus
526 2444 593 2510 fata
603 2445 768 2510 numerum
780 2445 904 2528 capiat?
919 2445 955 2509 ut
970 2443 1133 2527 quisquam
1146 2443 1238 2509 illum
1249 2444 1358 2510 rudem

226 2547 410 2632 sanguinem
424 2547 538 2612 nonulli
553 2549 586 2612 et
599 2547 728 2612 uixdum
742 2547 877 2612 hominis
892 2547 1009 2626 caedat,
1033 2546 1152 2625 fundat,
1176 2546 1358 2612 exhauriat?

190 2668 316 2715 nnemo
337 2652 395 2715 hoc
414 2650 517 2734 potest
541 2650 662 2716 credere
681 2651 743 2715 nisi
758 2651 812 2732 qui
827 2651 925 2732 possit
947 2649 1067 2716 audere.
1100 2667 1154 2714 uos
1169 2651 1252 2715 enim
1267 2649 1388 2715 uid002

225 2756 399 2836 procreatos
410 2753 490 2819 filios
505 2771 585 2818 nunc
596 2753 670 2819 ieris
681 2754 713 2819 et
723 2753 834 2818 auibus
846 2771 1002 2836 exponere,
1018 2772 1098 2819 nunc
1110 2752 1358 2837 adstrangulatos

226 2856 340 2922 misero
354 2857 464 2921 mortis
479 2874 590 2940 genere
605 2856 734 2921 elidere:
751 2857 824 2920 sunt
840 2874 916 2938 qnae
931 2857 964 2920 in
980 2856 1056 2938 ipsis
1071 2855 1241 2921 uisceribus
1256 2855 1358 2922 medi-

226 2959 398 3024 caminibus
411 2958 509 3041 epotis
521 2958 672 3043 originem
678 2958 776 3023 futuri
788 2958 923 3023 hominis
930 2958 1112 3041 extinguant
1118 2957 1356 3041 etpnrricidium

226 3061 350 3140 faciant,
366 3064 532 3143 antequam
546 3061 677 3145 pariant.
708 3062 739 3125 et
759 3061 835 3126 haec
856 3061 963 3143 ntique
988 3060 1026 3125 dc
1041 3060 1167 3125 deorum
1182 3059 1388 3124 nestrorum3

191 3165 391 3248 rodiseipliua
404 3164 605 3230 descendunt:
627 3184 700 3230 nam
715 3163 865 3229 Saturnus
880 3164 958 3229 filios
972 3181 1042 3228 suos
1058 3181 1118 3228 non
1133 3163 1281 3245 exposuit,
1296 3163 1357 3237 sed

226 3267 358 3332 nouauit.
387 3267 497 3332 merito
513 3267 541 3332 oi
560 3267 594 3335 in
607 3267 763 3332 nonnullis
777 3267 903 3332 Africae
924 3266 1066 3349 partibus
1081 3266 1293 3349 aparentibus
1308 3266 1357 3330 in-

227 3370 327 3435 fantes
341 3368 599 3448 immolabantur,
622 3370 782 3435 blanditiis
797 3368 830 3435 et
843 3371 946 3434 osculo
970 3370 1188 3448 comprimente
1203 3369 1357 3453 uagitum,

225 3492 264 3538 ne
277 3472 391 3538 flebilis
406 3471 508 3536 hostia
522 3471 743 3538 immolaretur.
761 3473 873 3538 Tauris
888 3473 983 3539 etiam
999 3473 1137 3539 Ponticis
1153 3474 1185 3538 et
1200 3471 1389 3558 Aegyptios

225 3575 365 3642 Busiridi
380 3574 459 3639 ritus
474 3573 536 3639 fuit
550 3575 686 3657 hospites
701 3576 872 3655 immolare,
889 3577 921 3640 et
927 3576 1078 3641 Mercurio
1094 3575 1196 3642 Gallis
1207 3576 1359 3641 humanas

280 3728 295 3784 1
316 3730 347 3781 ut
367 3727 400 3781 de
420 3727 459 3781 sis
472 3728 500 3781 P
562 3727 581 3784 3
599 3743 694 3782 nomen
714 3728 831 3783 malebat
851 3729 990 3784 Diceblcert
1012 3731 1024 3798 {l
1046 3729 1172 3783 innodant
1193 3727 1325 3782 Gelenius

226 3814 246 3870 4
264 3830 355 3868 corum
372 3814 494 3868 Vcblen:
521 3813 579 3866 eius
597 3814 651 3878 Pr,
674 3815 762 3868 uerba
778 3815 807 3869 id
824 3817 865 3869 est
882 3815 1036 3869 daemonem
1052 3816 1109 3870 eius
1126 3815 1265 3870 Wowerus
1287 3812 1361 3867 obelo

226 3900 336 3954 notauit
382 3899 462 3957 bnec
474 3915 580 3954 oramus
591 3899 710 3954 Vrsinus
714 3921 724 3968 ;
738 3899 778 3955 ‘at
789 3916 837 3954 nec
848 3901 960 3954 colimus
972 3917 1020 3955 nec
1031 3904 1154 3970 optamus
1166 3899 1234 3953 dicit
1246 3914 1360 3966 respon·

227 3984 295 4039 dean
304 3985 406 4040 Caecili
414 3986 505 4040 nerbas
518 3987 550 4055 (c.
561 3989 588 4051 9,
599 3988 630 4054 4)
643 3989 673 4040 ut
685 3986 714 4040 id
725 3986 815 4040 colant
824 3985 893 4055 quod
902 3989 1054 4040 marmiun*
1072 3986 1178 4042 Vahlen
1230 3983 1247 4039 7
1266 3982 1360 4038 labara

230 4070 350 4126 Vrsinus
401 4071 419 4128 9
438 4073 531 4141 tropea
543 4073 584 4138 P,
602 4073 742 4142 trophear
796 4073 833 4129 12
851 4073 937 4127 crucis
958 4073 1065 4142 signum
1085 4074 1126 4126 est
1148 4071 1250 4126 delenit
1267 4069 1361 4125 Vonclc

226 4155 260 4210 L.
274 4156 308 4210 L.
318 4173 347 4224 p.
362 4161 400 4211 ds
453 4157 490 4213 16
509 4157 821 4213 dodelenitHeunnann
876 4158 912 4216 19
930 4158 1090 4213 exauriatP
1142 4156 1286 4212 mandere
1304 4155 1358 4210 Ge·

226 4240 331 4295 lennn:
343 4241 435 4296 audire
445 4244 487 4297 Pr
504 4245 517 4311 l}
533 4243 610 4298 uideo
620 4243 696 4298 modo
705 4245 996 4313 procreatosHelnslns
1005 4244 1122 4300 Aulucus.
1136 4246 1193 4312 3,2
1240 4242 1277 4299 21
1291 4257 1360 4295 nunc

226 4325 255 4378 in
276 4341 345 4395 aqua
365 4329 496 4397 strengel.
520 4329 673 4384 Heumann
693 4330 752 4384 coll.
775 4329 888 4384 Tertull.
906 4331 1019 4400 Apolop.
1042 4331 1064 4385 9
1124 4328 1163 4386 23
1181 4327 1267 4397 epotis
1279 4345 1309 4381 r:
1332 4329 1361 4380 et

225 4410 330 4480 potisP
380 4413 418 4471 26
431 4414 456 4468 ci
470 4412 615 4470 Gelenius:
628 4417 657 4469 et
666 4416 694 4469 P
744 4415 783 4472 28
801 4415 985 4471 immolaretur
995 4417 1129 4470 Vrsinus:
1144 4414 1313 4468 immolaretur
1323 4412 1360 4477 P,

226 4495 407 4553 immoleturr
474 4500 513 4558 29
532 4501 619 4557 Gallis
636 4500 787 4569 Wopkens:
806 4501 894 4570 gallos
906 4503 965 4571 Pr,
984 4501 1076 4557 Gallos
1089 4503 1195 4556 constat
1206 4498 1359 4554 Heumann
