3300 5142
586 543 750 600 Octauius
768 557 788 596 c.
810 541 929 599 17-18.
1278 544 1320 608 23

194 701 270 768 tudo
284 702 386 767 Deum
400 700 517 767 fatetur
531 699 696 766 artificem:
712 701 813 764 status
827 698 958 784 rigidus,
973 698 1080 764 uultus
1095 697 1224 775 erectus,
1238 697 1321 762 oculi

193 807 227 870 in
241 823 363 872 summo
377 805 465 869 uolut
479 802 512 869 in
527 803 650 886 specula
663 802 824 868 constituti
839 803 871 866 et
884 819 989 866 omues
1004 799 1096 866 ceteri
1113 817 1218 865 sensus
1233 800 1321 866 uelut

194 909 227 973 in
241 927 310 973 erce
323 909 496 992 compositi.

237 1011 379 1096 Longum
395 1013 443 1077 est
456 1013 502 1078 ire
517 1031 571 1095 per
581 1011 714 1095 singula.
744 1009 824 1076 nihil
846 1010 879 1074 in
900 1010 1022 1076 homine
1038 1009 1246 1075 membrorum
1262 1009 1319 1086 est,
1333 1009 1373 1072 18

172 1113 277 1197 equod
290 1131 351 1179 non
365 1115 397 1179 et
411 1115 604 1180 necessitatis
618 1132 710 1180 causa
724 1113 766 1178 sit
780 1114 812 1178 et
827 1113 959 1192 decoris,
981 1115 1013 1178 et
1034 1112 1116 1196 quod
1134 1111 1236 1196 magis
1259 1110 1320 1174 mi-
1384 1185 1387 1196 ¹

194 1237 265 1282 rum
280 1217 343 1296 est,
365 1216 474 1282 eadem
493 1217 594 1301 figura
613 1216 771 1295 omnibus,
802 1215 856 1282 sed
872 1215 1023 1298 quaedam
1043 1215 1207 1298 unicuique
1227 1213 1321 1280 linia·

194 1321 301 1385 menta
317 1319 449 1386 deflexa:
465 1321 510 1385 sic
525 1321 556 1386 et
571 1319 689 1386 similes
703 1319 841 1385 uniuersi
858 1320 1000 1386 uidemur
1015 1321 1047 1386 et
1061 1319 1142 1384 inter
1156 1336 1189 1383 se
1204 1316 1320 1402 singuli

193 1423 360 1489 dissimiles
380 1423 565 1489 iuuenimur.
595 1423 670 1506 quid
690 1423 834 1488 nascendi
862 1423 963 1487 ratio?
984 1421 1058 1504 quid
1083 1420 1194 1504 cupido
1228 1429 1351 1506 gene-2

193 1526 304 1591 randi?
319 1544 416 1592 noune
431 1545 450 1592 a
464 1526 529 1590 Deo
543 1526 618 1591 data
631 1527 688 1605 est,
704 1529 736 1591 et
750 1527 787 1590 ut
800 1526 897 1591 ubera
910 1526 1002 1607 partu
1017 1526 1241 1591 maturescente
1256 1523 1320 1590 lac·

159 1629 312 1694 missitant
325 1631 358 1694 et
371 1631 408 1694 ut
422 1629 507 1694 tenor
521 1629 602 1694 fetus
617 1629 757 1694 ubertate
771 1629 864 1694 lactei
884 1629 962 1694 roris
977 1628 1153 1694 adolescat?
1173 1646 1230 1694 uec
1250 1627 1351 1696 uni-s

193 1731 336 1798 uersiteti
349 1733 541 1798 solummodo
553 1733 647 1811 Deus,
662 1732 716 1798 sed
731 1733 763 1797 et
773 1732 915 1815 partibus
930 1731 1071 1796 consulit.
1085 1731 1246 1796 Britannia
1258 1731 1322 1797 sole

193 1833 348 1915 deficitur,
363 1838 417 1901 sed
432 1835 671 1901 obcumfluentis
685 1836 781 1901 maris
795 1837 899 1918 tepore
913 1835 1084 1900 recreatur:
1110 1833 1247 1918 Aegypti
1261 1834 1322 1900 sio·

193 1938 321 2004 citatem
335 1939 488 2022 temporat
498 1938 591 2003 Nilus
605 1939 715 2018 amnis,
731 1939 905 2021 Euphrates
919 1938 1175 2021 Mesopotamiam
1190 1955 1244 2019 pro
1259 1937 1321 2002 im-

192 2041 301 2106 bribus
315 2042 438 2125 pensat,
454 2040 550 2106 Indus
564 2040 680 2106 flumen
695 2044 728 2107 et
742 2060 840 2107 serere
862 2040 1019 2106 Orientem
1034 2041 1149 2107 dicitur
1162 2043 1194 2106 et
1208 2041 1319 2126 rigare.

158 2164 183 2206 rr
193 2142 274 2225 quod
295 2143 322 2208 si
345 2144 503 2227 ingressus
523 2143 660 2227 aliquam
674 2145 801 2209 domum
815 2144 920 2209 omnia
933 2145 1068 2222 exculta,
1084 2143 1250 2225 disposita,
1271 2157 1351 2212 or·4

191 2248 267 2310 nata
281 2244 427 2326 uidisses,
443 2247 551 2330 utique
564 2265 704 2330 pracesse
719 2247 748 2311 ei
764 2246 899 2312 crederes
915 2247 1074 2312 dominum
1097 2246 1129 2312 et
1147 2246 1213 2311 illis
1233 2246 1321 2311 bouis

192 2348 285 2413 rebus
299 2348 399 2413 multo
415 2367 480 2415 esse
494 2349 663 2415 meliorem.
685 2350 732 2416 ita
750 2349 783 2415 in
797 2350 855 2415 hac
869 2349 978 2415 mundi
993 2349 1084 2414 domo
1109 2368 1180 2414 oum
1202 2348 1322 2414 caelum

192 2449 582 2536 terramquenperspicias
614 2453 857 2537 prouidentiam,
893 2452 1048 2532 ordinem,
1082 2454 1200 2535 legem,
1235 2452 1322 2516 crede

192 2571 258 2619 esse
272 2554 486 2620 uniuersitatis
501 2556 661 2622 dominum
675 2558 895 2639 parentemque
914 2555 991 2640 ipsis
1008 2555 1159 2621 sideribus
1180 2557 1212 2619 et
1225 2554 1322 2620 totius

157 2658 301 2723 remundi
320 2659 461 2742 partibus
483 2660 707 2743 pulchriorem:
728 2662 761 2726 ui
782 2661 877 2740 forte,
905 2661 1049 2745 quoniam
1071 2660 1108 2724 de
1128 2659 1350 2744 prouidentiae

191 2760 281 2826 nulla
295 2762 450 2828 dubitatio
463 2765 527 2842 est,
543 2764 762 2846 inquirendum
776 2765 887 2847 putas,
904 2766 1010 2829 utrum
1030 2763 1123 2830 unius
1138 2762 1268 2846 imperio
1283 2781 1322 2826 an

192 2864 320 2931 arbitrio
343 2866 549 2948 plurimorum
571 2869 702 2932 caeleste
727 2886 859 2952 regnum
881 2868 1082 2952 gubernetur;
1117 2865 1198 2949 quod
1218 2866 1321 2947 ipsum

190 2986 251 3034 non
266 2970 315 3034 est
328 2968 421 3034 multi
436 2969 550 3035 laboris
571 2971 688 3052 aperire
712 2970 862 3055 cogitanti
887 2969 1018 3052 imperia
1042 2971 1177 3048 terrena,
1209 2968 1321 3050 quibus

296 3190 409 3247 12-14
422 3190 564 3245 secundum
576 3191 630 3246 Cic
644 3191 676 3245 de
688 3191 757 3245 deor.
771 3193 826 3244 nat,
840 3189 877 3255 11,
890 3191 913 3259 θ.
929 3190 986 3248 130

223 3389 261 3450 2
280 3410 415 3447 sensusr:
435 3395 538 3460 sensib;
557 3396 584 3449 P
605 3397 619 3463 ΙΙ
640 3396 721 3450 uelud
733 3397 761 3451 P
812 3396 831 3453 3
849 3395 975 3465 dispositi
994 3396 1147 3450 Heumann
1204 3393 1321 3452 eunia-

189 3479 282 3533 menta
294 3479 351 3532 Pr:
370 3478 534 3533 lineamenta
546 3481 605 3534 edd.
618 3482 783 3549 posteriores
835 3481 853 3538 9
872 3481 936 3536 data
948 3484 1011 3536 suut
1022 3482 1160 3536 Darrisr'ue
1214 3481 1250 3537 10
1266 3481 1320 3534 foe·

189 3567 263 3618 tuse
311 3565 347 3621 ll
362 3565 496 3618 consuluit
506 3565 659 3621 Heumann
674 3570 688 3636 ΙΙ
704 3567 881 3636 bryttaniaP
927 3568 962 3624 13
980 3569 1066 3622 amnis
1078 3567 1130 3622 del.
1142 3568 1281 3622 Woweroo
1297 3569 1310 3634 ΙΙ

189 3649 260 3706 colet
280 3649 396 3704 eufrates
418 3651 461 3720 P;
478 3651 548 3705 colet
560 3668 610 3706 noa
625 3659 737 3706 uomere
749 3653 892 3708 Burrieno
905 3653 1070 3722 deiecimus,-
1087 3655 1172 3723 oculeo
1192 3653 1267 3708 werec
1287 3669 1321 3707 ee

188 3737 328 3790 sententie
347 3735 463 3790 Doureii
481 3738 521 3790 oie
541 3738 809 3807 interpretaremur.-
833 3739 899 3792 colit
919 3739 1069 3808 Euphrates
1089 3738 1319 3808 Mesopotamiam,

188 3837 236 3890 pro
245 3821 377 3876 imbribus
389 3825 485 3891 pensat
494 3822 577 3876 Indus
587 3822 685 3878 flumen
694 3827 722 3878 et
733 3840 819 3878 serere
830 3831 877 3880 ete.
890 3825 1027 3879 Glossema
1039 3827 1095 3880 iem
1100 3825 1242 3878 Heroides
1254 3825 1319 3878 odo·

188 3913 313 3976 raueret,
324 3907 373 3962 eed
377 3924 525 3976 perperam
533 3909 619 3962 uerba
627 3925 674 3979 pro
683 3909 814 3964 imbribus
825 3914 921 3980 pensat
933 3912 1046 3965 euertere
1056 3913 1175 3966 imerat
1212 3910 1247 3966 17
1261 3925 1320 3963 cum

187 3993 334 4063 perspicies
355 3993 552 4063 prouidentiam
573 3994 704 4050 Linduer
724 3995 821 4050 deterre
841 3997 932 4050 acerbae
952 3997 1055 4050 caelum
1076 4001 1241 4064 terramque;
1260 4011 1320 4050 cunr

189 4094 210 4132 c.
223 4081 244 4132 t.
256 4079 419 4148 perspiciens
430 4079 629 4148 prouidentiam
640 4081 760 4135 ordinem
771 4081 860 4151 legem
873 4082 961 4148 uides,
991 4082 1066 4137 crede
1078 4083 1246 4150 Hectoreum
1269 4098 1320 4136 uos

191 4163 325 4220 Vableoee‘o
337 4172 450 4220 auctore
461 4165 580 4221 larsem
590 4167 702 4236 menum
713 4170 872 4237 poscimus,
891 4185 953 4223 eum
972 4169 1066 4236 potios
1081 4169 1266 4237 praecipiam
1287 4174 1320 4222 ut

187 4251 353 4319 perlustrans
373 4252 546 4306 intercidere
564 4252 697 4306 uideatur
751 4253 788 4311 19
806 4253 944 4308 sidersbus
957 4255 997 4309 ΡΙ
1045 4253 1085 4310 20
1096 4254 1150 4308 uiri
1162 4254 1230 4308 forto
1239 4254 1319 4308 Hee-

187 4352 276 4390 πωπω
319 4336 358 4393 22
369 4338 487 4407 plurium
498 4337 753 4409 Gulielmuedleyer
758 4382 767 4409 ,
780 4341 884 4395 eodclm
893 4341 1051 4410 philolopici
1061 4341 1205 4394 centinaria?
1216 4340 1319 4394 Merra-

188 4423 277 4477 cerrer'o
322 4423 361 4480 23
373 4424 466 4478 malim
478 4428 592 4489 terrena,
606 4425 745 4495 aquibus5
758 4428 793 4494 ef.
807 4427 888 4496 cypr.
903 4427 937 4482 de
948 4443 1014 4481 uon.
1029 4425 1092 4480 idol.
1107 4430 1138 4481 5:
1153 4426 1185 4480 ed
1197 4425 1319 4479 diuinum

187 4507 330 4577 imperium
343 4509 427 4562 etiam
438 4509 471 4564 de
483 4511 563 4565 terris
574 4513 728 4566 mutuemur
737 4512 886 4582 exemplum
