3300 5142
335 520 380 585 84
732 516 874 572 Firmici
892 516 1040 571 blaterni

336 674 424 756 pater
437 675 470 737 et
485 672 595 737 sellam
608 672 695 757 regni
709 690 805 754 puero
819 672 990 737 tradiderat
1009 672 1041 736 et
1055 672 1228 753 sceptrum,
1244 672 1385 735 custodes
1399 672 1471 753 pri-

336 795 425 841 mum
438 776 595 860 rogalibus
609 775 755 858 praemiis
769 775 1008 859 muneribusque
1022 774 1168 857 corrupit,
1189 774 1300 841 deinde
1314 774 1471 839 satellites

336 896 418 955 suos,
433 880 487 961 qui
503 878 630 944 Titanes
643 878 841 955 uocabantur,
857 880 890 943 in
904 878 1102 944 interioribus
1116 878 1219 963 regiae
1233 877 1315 943 locat
1326 877 1470 959 partibus
1612 922 1613 943 ι

337 984 370 1046 et
383 981 558 1064 crepundiis
571 1000 607 1047 ac
621 982 745 1064 speculo
758 980 884 1046 adfabre
900 980 980 1047 iacto
995 982 1114 1047 animos
1137 981 1184 1045 ita
1197 980 1331 1063 pueriles
1345 980 1469 1057 inlexit,

338 1087 375 1149 nt
385 1084 515 1151 desertis
529 1086 623 1169 regiis
637 1084 763 1149 sedibus
778 1085 818 1149 ad
833 1086 1017 1151 insidiarum
1035 1086 1139 1150 locum
1154 1084 1282 1168 puerilis
1299 1082 1397 1149 animi
1412 1084 1471 1148 de-
1496 1100 1507 1136 ε

310 1188 450 1253 asiderio
461 1189 633 1253 duceretur.
656 1187 723 1253 illie
733 1188 922 1270 interceptus
933 1188 1107 1254 trucidatur
1117 1190 1164 1267 et,
1179 1189 1217 1252 ut
1228 1187 1351 1253 nullum
1363 1188 1473 1269 posset

338 1292 422 1377 neeis
435 1290 568 1357 inueniri
582 1290 769 1375 uestigium,
789 1291 980 1356 articulatim
1001 1292 1140 1357 membra
1160 1291 1280 1356 concisa
1294 1290 1471 1356 satellitum

339 1393 531 1479 sibijdiuidit
544 1393 645 1459 turba.
661 1395 745 1472 tunc,
760 1395 797 1458 ut
810 1394 884 1459 huie
898 1392 1026 1461 facinori
1045 1394 1132 1460 aliud
1153 1394 1273 1460 facinus
1294 1394 1473 1471 adderetur,

339 1496 413 1581 quia
427 1496 624 1562 uehementer
636 1496 762 1580 tyranni
776 1497 943 1563 crudelitas
957 1498 1146 1577 timebatur,
1161 1497 1286 1565 demota
1299 1497 1397 1562 uana
1412 1516 1472 1581 ge-

339 1600 464 1667 neribus
477 1602 564 1683 pueri
579 1600 719 1665 membra
732 1604 932 1680 consumunt,
948 1602 984 1665 ut
995 1600 1122 1665 humani
1137 1601 1296 1667 adsuetis
1316 1599 1473 1665 inauditis
1498 1614 1532 1653 ιι·

237 1731 288 1771 ro.
297 1722 437 1787 sausque
451 1704 485 1770 in
498 1704 591 1768 illum
605 1702 689 1768 diem
702 1704 802 1786 epulis
821 1706 826 1786 Ι
846 1706 1049 1769 noscerentur.
1071 1722 1122 1769 cor
1137 1704 1274 1769 diuisum
1300 1704 1361 1769 sibi
1385 1722 1474 1769 soror

340 1808 458 1888 seruat,
474 1808 524 1873 cui
538 1807 679 1873 Minerua
697 1806 760 1872 luit
779 1826 908 1887 nomen,
930 1827 1008 1891 quae
1027 1810 1059 1873 et
1081 1808 1149 1891 ipsa
1163 1808 1286 1873 sceleris
1312 1806 1375 1871 luit
1398 1826 1473 1889 par·

341 1913 453 1993 ticeps,
475 1912 507 1976 et
527 1912 564 1975 ut
578 1909 779 1976 manifestum
799 1910 964 1977 delationis
986 1912 1068 1977 esset
1081 1911 1232 1977 indicium
1247 1912 1278 1975 et
1293 1911 1330 1975 ut
1341 1910 1474 1975 haberet

341 2015 423 2080 unde
437 2012 567 2079 furentis
580 2014 679 2096 patris
694 2013 847 2097 impetum
859 2014 1026 2099 mitigaret.
1042 2032 1164 2080 reuerso
1176 2014 1245 2079 Ioui
1253 2013 1318 2079 filia
1330 2014 1472 2079 ordinem

313 2116 486 2192 efacinoris
501 2116 633 2199 exponit.
654 2118 729 2181 tunc
747 2118 835 2199 pater
860 2116 983 2184 funesta
999 2118 1177 2183 calamitate
1198 2117 1293 2181 cladis
1313 2118 1347 2182 et
1366 2116 1508 2182 acerbi1⁵

342 2220 445 2286 luctus
459 2221 622 2287 atrocitate
636 2220 807 2285 commotus
814 2220 943 2286 Titanas
957 2220 1082 2304 quidem
1091 2222 1176 2287 uario
1190 2238 1300 2304 genere
1315 2220 1474 2285 excrucia-

342 2324 392 2390 tos
412 2325 501 2389 necet
522 2342 578 2389 nec
596 2324 848 2407 praetermissum
869 2326 916 2389 est
943 2325 976 2389 in
996 2323 1114 2390 ultione
1128 2323 1186 2389 filii
1212 2324 1267 2390 aut
1281 2324 1474 2388 tormentum

343 2427 468 2511 aliquod
490 2429 546 2492 aut
566 2444 678 2509 poena,
705 2427 760 2492 sed
780 2445 837 2508 per
853 2427 956 2493 omnia
977 2444 1144 2509 poenarum
1167 2444 1278 2511 genera
1302 2425 1473 2491 bacchatus

344 2548 449 2597 necem
459 2530 691 2613 qualiscumque
702 2530 760 2594 lilii
771 2531 954 2609 uindicauit,
970 2531 1082 2597 affectu
1094 2530 1220 2612 quidem
1231 2528 1339 2612 patris,
1355 2528 1411 2593 sed
1421 2530 1471 2612 ty·

345 2634 469 2700 rannioa
488 2634 648 2716 potestate
678 2634 767 2713 tunc,
788 2634 990 2717 quiadiutius
1012 2636 1101 2718 pater
1120 2632 1200 2699 ferre
1217 2633 1354 2717 lugentis
1374 2630 1520 2697 animive

345 2738 500 2803 tormenta
513 2756 575 2802 non
588 2739 708 2820 poterat
722 2740 754 2803 et
768 2739 841 2822 quia
861 2738 948 2805 dolor
962 2739 1141 2804 exorbitabo
1162 2738 1287 2804 ueniens
1306 2737 1403 2803 nullis
1422 2754 1475 2801 so-

346 2838 434 2907 laciis
454 2840 674 2925 mitigabatur,
695 2841 864 2926 imaginem
885 2842 997 2908 einser
1018 2861 1114 2927 gypso
1140 2842 1270 2925 plastico
1293 2858 1382 2923 opero
1402 2860 1475 2923 per·

346 2942 422 3009 fecit
432 2945 464 3009 et
478 2961 529 3009 eor
543 2945 639 3027 pueri,
653 2964 690 3009 er
701 2964 762 3027 quo
772 2944 892 3011 lacinus
908 2944 1009 3011 iuerat
1021 2963 1122 3011 sorore
1133 2943 1288 3010 deferente
1303 2943 1475 3022 demum,

346 3048 380 3113 in
395 3067 431 3114 ea
444 3048 531 3131 parte
545 3048 662 3131 plastae
676 3049 826 3129 conlocat,
843 3070 904 3133 qua
918 3050 1050 3135 pectoris
1071 3049 1193 3115 fuerant
1214 3048 1395 3114 liniamenta
1409 3047 1476 3113 for·

347 3153 442 3218 mata.
472 3152 543 3234 post
566 3150 641 3217 haec
665 3170 720 3235 pro
740 3154 863 3218 tumulo
885 3153 1001 3219 extruit
1022 3153 1175 3236 templum
1203 3153 1235 3217 ot
1260 3152 1475 3236 paedagogum
1485 3168 1522 3209 2⁵-

319 3254 434 3337 opueri
450 3254 611 3321 constituit
625 3256 830 3322 sacerdotem:
852 3256 926 3321 huie
939 3254 1060 3323 Silenus
1081 3256 1143 3321 fuit
1157 3273 1276 3321 nomen.
1305 3254 1476 3333 Cretenses,

348 3360 385 3425 ut
398 3359 529 3426 furentis
538 3360 662 3443 tyranni
676 3360 841 3426 saeuitiam
855 3361 1052 3445 mitigarent,
1076 3360 1172 3427 festos
1198 3358 1314 3425 funeris
1329 3359 1394 3424 dies
1409 3359 1477 3423 sta·

349 3463 622 3530 tuentetaunuum
634 3483 757 3531 saomm
767 3464 924 3530 trieterica
932 3464 1155 3531 consecratione
1161 3462 1356 3546 componunt,
1370 3462 1478 3527 omnia

349 3565 557 3649 perordinem
572 3566 719 3633 laoimta
733 3586 810 3650 qaae
824 3586 900 3650 puer
913 3567 1047 3634 moriens
1062 3567 1118 3632 aut
1137 3566 1211 3632 feeit
1225 3568 1280 3631 aut
1294 3583 1404 3648 passus
1417 3566 1475 3629 est.

350 3668 460 3734 uiuum
474 3669 594 3735 laniant
608 3670 751 3735 dentibus
765 3672 907 3749 taurum,
923 3670 1061 3737 crudeles
1082 3670 1188 3753 epulas
1209 3668 1319 3735 annuis
1340 3686 1477 3733 comme·
1486 3687 1520 3727 ao

351 3773 573 3840 morationibus
588 3775 770 3854 excitantes,
786 3777 818 3841 et
832 3795 887 3859 per
901 3776 1017 3841 secreta
1031 3775 1183 3841 siluamm
1202 3772 1388 3839 elamoribus
1408 3772 1475 3835 dis-

351 3876 433 3943 sonis
449 3876 598 3943 eiulantes
612 3876 734 3962 fingunt
757 3878 854 3943 animi
875 3876 1005 3943 furentis
1020 3877 1188 3958 insaniam,
1212 3875 1341 3941 utillud
1357 3874 1478 3940 facinus

350 3998 410 4045 non
424 4000 480 4065 per
493 3980 634 4046 taudem
649 3979 766 4046 lactum
781 3982 835 4047 sed
849 3998 902 4064 per
916 3981 1069 4047 insaniam
1087 3981 1276 4047 crederetur:
1308 3975 1480 4061 praefertur

406 4169 421 4224 1
441 4168 535 4223 sellam
553 4170 594 4225 P:
613 4169 740 4225 soliuma
801 4168 819 4225 7
837 4167 1021 4239 particulatim
1034 4168 1092 4236 Pa,
1105 4182 1152 4221 em.
1168 4164 1319 4232 Wakefield
1333 4164 1402 4219 Sita.
1416 4164 1478 4218 crit.

353 4254 404 4311 IV.
419 4270 447 4323 p.
461 4256 518 4309 249
535 4257 547 4324 ΙΙ
563 4255 695 4310 conscissa
710 4272 729 4308 c
782 4255 819 4312 12
838 4270 904 4324 quae
918 4254 1057 4309 Beretum
1076 4254 1140 4323 quia
1155 4253 1200 4307 Po
1265 4252 1301 4309 13
1319 4249 1480 4305 iudiciuma

406 4342 442 4402 15
462 4341 550 4396 acerui
563 4342 601 4408 P,
620 4342 746 4397 acerbae
798 4340 836 4398 18
855 4342 1022 4411 autpenaP
1066 4340 1104 4396 19
1117 4340 1234 4393 neeesP
1255 4341 1267 4407 Η
1290 4337 1480 4407 qualitercum-

353 4444 434 4498 queo
499 4428 537 4485 23
555 4444 599 4483 cor
614 4428 691 4499 pueri
703 4428 846 4483 Boreion:
866 4428 1023 4497 eorporeP‚
1037 4442 1110 4481 coro
1180 4425 1329 4494 repraeter
1342 4422 1480 4491 Bursian,

351 4514 520 4586 {demphsti
529 4515 666 4571 coniciens
689 4517 701 4584 ΙΙ
723 4514 887 4569 lineamenta
908 4512 968 4568 edd.
1033 4512 1072 4571 26
1090 4512 1199 4567 Selenus
1221 4512 1249 4565 P
1264 4526 1310 4579 pr.
1323 4526 1357 4563 m.
