3300 5142
331 549 393 615 198
744 548 891 620 Sulpicii
913 549 1028 605 Seueri

330 704 411 771 essct
434 703 547 784 oratio,
577 721 636 770 nox
666 703 735 785 ipsa
759 705 887 789 cogebat
917 705 1073 787 hucusque
1097 700 1253 787 prolatum
1278 697 1364 766 tnnc
1388 715 1452 764 scr·

302 825 460 884 emonem.
494 818 602 872 uerum
628 806 761 889 quiade
785 807 913 874 Martini
940 806 1110 872 ufirtnbbus
1136 821 1330 887 nequaquam
1355 798 1452 883 expli-

330 909 393 976 cari
403 908 547 976 uniuersa
565 910 745 993 potuerunt,
767 909 842 976 haec
867 927 921 975 uos
946 909 1037 974 hodie
1062 908 1184 974 audisse
1209 903 1357 984 sufficiat,
1385 919 1453 968 cras

329 1013 448 1096 reliqua
471 1012 618 1079 dicemus.
645 1012 692 1077 ita
714 1012 830 1095 paritor
857 1014 980 1097 accepta
1004 1012 1063 1078 bac
1087 1009 1172 1078 Galli
1197 1009 1357 1093 sponsione
1384 1023 1452 1070 sur·

329 1134 472 1182 remmus.
1474 1128 1489 1167 s

656 1369 832 1438 DIALOG
841 1370 893 1438 VS
915 1369 1123 1438 TERTIVS.

303 1549 317 1612 l
372 1543 513 1610 Lucmoit
525 1543 598 1624 boo,
619 1541 724 1608 Galle:
747 1543 934 1626 surgendum
949 1543 1004 1607 est.
1027 1560 1108 1620 nanu,
1124 1541 1161 1606 ut
1174 1540 1279 1618 undas,
1294 1539 1326 1604 ot
1339 1538 1454 1603 Postu·

331 1646 451 1712 mianus
465 1645 562 1712 instat
584 1648 616 1711 ot
640 1645 692 1710 hic
715 1646 888 1729 presbyter,
911 1645 964 1727 qui
979 1644 1119 1710 hesterno
1134 1643 1323 1709 auditorium
1337 1639 1453 1716 amisit,

330 1750 499 1832 exspectat,
521 1750 558 1813 ut
583 1767 659 1831 quae
683 1749 721 1813 de
745 1748 880 1814 Martino
898 1747 1001 1812 nestro
1016 1747 1049 1812 in
1063 1746 1244 1812 hodiernum
1259 1744 1342 1810 diem
1356 1743 1454 1827 expli-

302 1853 427 1918 acanda
439 1852 618 1929 distuleras,
641 1850 761 1916 debitor
774 1851 944 1934 sponsionis
959 1849 1092 1914 euoluas.
1113 1867 1175 1915 non
1189 1849 1315 1933 ignauus
1330 1845 1455 1930 quidem
1465 1863 1490 1902 ro

330 1956 390 2021 iste
404 1955 557 2032 omnium,
580 1971 787 2036 quaecumque
801 1953 998 2019 memoranda
1011 1953 1098 2031 sunt,
1120 1951 1174 2017 sed
1195 1950 1293 2015 dulcis
1313 1949 1345 2014 et
1365 1949 1454 2032 gruta

331 2057 464 2144 cognitio
479 2059 526 2122 est
540 2058 634 2123 etiam
647 2057 720 2122 nota
734 2056 897 2140 relegenti,
912 2054 1065 2138 siquidem
1079 2056 1188 2120 natura
1199 2053 1244 2118 ita
1255 2053 1455 2136 conparatum

331 2162 391 2242 sit,
414 2163 450 2227 ut
464 2161 590 2227 meliore
610 2160 679 2244 quis
699 2159 884 2226 conscientia
904 2177 936 2222 se
956 2176 1044 2225 nosse
1059 2157 1263 2242 congaudeat,
1279 2173 1357 2238 quae
1370 2153 1455 2218 mul-

302 2268 434 2358 etorum
459 2264 645 2330 testimoniis
669 2281 730 2329 nou
755 2281 820 2328 esse
845 2262 962 2327 incerta
988 2261 1157 2345 cognoscat.
1180 2277 1252 2324 nam
1279 2257 1339 2341 [et]
1359 2256 1412 2321 hia
1437 2275 1457 2320 a

330 2369 430 2452 primu
455 2367 662 2434 adulescentia
680 2367 851 2431 Martinam
876 2366 998 2429 secutus
1018 2364 1105 2429 nouit
1120 2363 1246 2445 quidem
1260 2361 1378 2437 omnia,
1401 2357 1490 2424 seda

329 2470 462 2537 libenter
486 2471 610 2555 cognita
634 2469 831 2553 recognoscit.
862 2467 978 2533 fatebor
1000 2467 1082 2532 enim
1102 2467 1177 2543 tibi,
1200 2463 1305 2540 Galle,
1328 2461 1457 2527 Martini

331 2573 410 2639 milri
424 2572 545 2655 saepius
560 2572 681 2637 auditas
696 2589 761 2635 esse
775 2571 924 2648 uirtutes,
939 2571 1051 2654 quippe
1066 2569 1120 2652 qui
1134 2568 1171 2634 ds
1186 2585 1221 2634 oo
1237 2569 1332 2634 etiam
1342 2564 1459 2630 littoris

331 2674 432 2741 multa
446 2674 674 2741 mandauerim:
690 2674 743 2738 sod
757 2692 811 2755 per
825 2673 983 2757 gestorum
998 2672 1233 2738 admirationem
1249 2687 1367 2752 semper
1377 2667 1458 2732 mihi

332 2797 412 2844 noua
426 2778 512 2856 sunt,
536 2795 613 2860 quac
627 2777 665 2842 de
680 2775 734 2841 illo
748 2775 822 2841 ficet
837 2775 943 2841 audita
963 2775 1083 2858 saepius
1097 2774 1307 2839 reuoluuntur.
1330 2769 1458 2855 proinde

332 2880 474 2946 additum
499 2880 587 2945 nobis
612 2878 817 2965 Refrigerium
838 2877 1008 2943 auditorem
1029 2894 1064 2942 eo
1084 2877 1238 2960 inpensius
1253 2873 1495 2960 gratulamur,ao

332 3001 393 3068 quo
407 2983 580 3068 promptius
594 2982 812 3048 Postumianae
827 2981 901 3060 iste,
917 2981 970 3063 qui
984 2980 1059 3045 haec
1069 2977 1187 3044 Orienti
1198 2977 1310 3044 inferre
1320 2976 1458 3055 festinat,

332 3087 420 3171 quasi
446 3087 503 3151 sub
528 3085 659 3151 testibus
685 3085 898 3168 consignatam
913 3084 967 3148 ebs
982 3085 1014 3148 te
1029 3084 1208 3166 accepturus
1222 3081 1269 3146 est
1283 3079 1457 3144 nentatern.

332 3189 407 3254 haec
420 3207 470 3254 me
484 3188 640 3273 loquente,
663 3186 753 3253 Gallo
777 3187 840 3252 iam
861 3187 900 3252 ad
914 3186 1099 3252 narrandum
1114 3185 1234 3268 parato,
1257 3183 1354 3248 inruit
1367 3181 1460 3247 turba

304 3290 566 3370 emonachornm,
588 3290 742 3375 Euagrius
766 3290 939 3373 presbyter,
963 3288 1061 3372 Aper,
1094 3287 1273 3366 sabbatius,
1296 3285 1458 3370 Agricola:

387 3527 403 3586 1
421 3508 556 3599 prelatum
570 3527 606 3583 V:
623 3529 787 3599 pertractum
798 3527 918 3596 Matre,
935 3530 1100 3599 protractum
1111 3526 1184 3583 Are
1252 3525 1271 3583 3
1289 3525 1353 3580 haec
1362 3555 1395 3564 -
1405 3524 1460 3578 sui·

333 3615 408 3670 ficiat
430 3630 478 3670 om.
505 3615 532 3670 V
579 3614 599 3671 4
616 3616 644 3668 ct
664 3614 792 3684 sulpicius
812 3615 854 3668 ita
869 3615 895 3670 V
914 3616 926 3682 ΙΙ
949 3614 999 3668 huc
1008 3613 1070 3668 ΒΜ
1073 3613 1107 3668 V:
1121 3629 1169 3668 oea.
1192 3611 1262 3668 AFc
1313 3611 1331 3668 6
1343 3609 1461 3679 Explicit

333 3700 403 3755 liber
415 3700 513 3754 tertius
524 3701 565 3766 A,
583 3700 701 3769 Explicit
712 3700 781 3755 liber
793 3700 891 3755 tertius
903 3699 935 3754 de
948 3701 1007 3754 uita
1018 3690 1062 3755 Sci
1073 3699 1186 3754 Martini
1202 3697 1332 3768 Dialogus
1350 3695 1459 3751 secundi

333 3820 397 3890 (sic)
417 3821 458 3885 F,
476 3820 554 3875 Finit
573 3821 588 3874 l
607 3782 634 3874 ts
655 3821 683 3890 (i
705 3837 727 3875 c.
748 3819 894 3889 bmtatus)
913 3820 1010 3890 incipit
1030 3820 1152 3888 sequenti
1171 3819 1215 3874 die
1235 3817 1267 3872 de
1284 3815 1418 3871 eademne
1434 3815 1462 3870 V

384 3906 403 3963 7
421 3907 471 3961 hoc
485 3907 521 3961 V:
539 3906 652 3972 carru
665 3911 705 3961 cst
711 3907 825 3975 pbruaia
838 3906 939 3962 menica
949 3905 1061 3960 lucescit
1072 3906 1120 3960 hoc
1132 3905 1198 3969 ium,
1211 3923 1238 3959 a
1252 3902 1352 3958 Plauti
1359 3901 1459 3969 Amplu

333 3992 364 4061 1,
382 3995 415 4061 3,
433 3995 475 4046 45.
489 3992 550 4047 Ter.
560 3993 662 4047 licoat.
676 3992 735 4060 111,
755 3997 779 4061 1,
798 3996 813 4045 1
865 3991 884 4048 8
902 3992 1056 4045 hesternum
1067 3990 1131 4046 ΒΜ
1149 3992 1162 4058 ΙΙ
1185 3990 1348 4046 auditorium
1367 3987 1462 4044 amisit

333 4077 573 4147 ABFMqvped
587 4076 760 4148 Qadmisiti:
773 4075 907 4131 auditorio
919 4078 962 4131 est
973 4075 1134 4131 admissuro
1180 4076 1219 4134 10
1236 4077 1343 4131 euolnae
1360 4091 1408 4131 oua
1422 4073 1458 4138 A,

333 4163 454 4218 creolnar
462 4165 549 4232 pauci
560 4162 624 4219 dett.
695 4163 730 4219 11
748 4162 802 4216 iste
814 4165 856 4216 est
868 4163 899 4216 F
913 4177 981 4217 corr.
994 4177 1027 4218 aa.
1041 4165 1062 4216 2
1140 4162 1177 4221 12
1195 4162 1236 4217 ita
1247 4177 1297 4218 ocu
1315 4162 1350 4226 V,
1369 4161 1422 4214 istu
1433 4160 1462 4213 A

389 4247 426 4305 13
443 4249 537 4304 melior
553 4249 580 4304 V
595 4249 608 4317 ΙΙ
627 4248 965 4318 mngaudcatAFMQV:
984 4247 1128 4318 gaudente
1190 4248 1227 4305 14
1245 4247 1379 4318 cognoscit
1390 4245 1462 4300 w

344 4336 358 4404 ΙΙ
379 4336 468 4389 etoou
486 4335 512 4389 V
572 4335 610 4393 15
627 4337 737 4403 sequtus
753 4334 780 4387 V
845 4333 882 4392 18
900 4333 947 4388 sed
964 4333 1072 4403 -suntl
1085 4332 1154 4388 AV:
1172 4333 1459 4388 ut-sintFa'croe.

333 4421 402 4475 snt
454 4419 491 4476 19
509 4435 555 4475 sae
573 4419 721 4474 inerudita
732 4420 763 4474 F
823 4419 862 4477 23
880 4418 1086 4489 adloquendum
1098 4419 1125 4473 A
1177 4419 1216 4478 24
1233 4419 1304 4489 Aper
1315 4435 1364 4474 cru
1381 4417 1418 4482 V,
1430 4424 1463 4474 ut

337 4505 373 4572 of.
385 4508 489 4575 p.199,
501 4508 537 4560 10
555 4436 573 4574 ff
588 4505 728 4561 sabbatius
743 4506 780 4562 V:
800 4505 969 4561 sebastianus
980 4505 1053 4560 AFo
