3300 5142
335 517 377 580 92
755 511 902 579 Sulpicii
919 510 1034 564 Seueri

335 668 416 733 circa
443 685 546 751 regem
583 669 684 744 erant,
707 667 794 731 metu
818 665 963 748 trepidis,
990 665 1175 747 imperatore
1200 664 1303 742 mario,
1335 663 1455 746 primus

334 771 457 835 nuntiat
478 770 582 835 hostes
611 768 724 852 fugere.
755 787 825 832 cum
847 767 901 832 ille
927 768 1060 834 indicem
1086 770 1189 852 ipsum
1210 767 1379 834 intromitti
1399 784 1456 848 po-

334 874 447 949 sceret,
473 872 584 938 Valens
605 872 641 936 ut
660 870 864 936 reuerentiam
884 870 932 936 sui
957 871 1097 948 adderet,
1120 871 1264 955 angelum
1284 870 1346 935 sibi
1360 868 1456 934 fuisse

305 985 321 1039 7
333 976 478 1040 nuntium
492 974 657 1056 respondit.
682 972 783 1038 facihs
798 973 838 1037 ad
852 972 1036 1038 credendum
1051 975 1218 1056 imperator
1232 972 1338 1056 palam
1347 964 1455 1054 posco

332 1078 432 1142 dicere
447 1077 571 1154 solitus,
595 1095 627 1140 se
642 1074 781 1141 Valentis
796 1075 932 1150 mentis,
955 1093 1015 1140 non
1034 1076 1151 1140 uirtute
1165 1077 1317 1142 exercitus
1331 1075 1452 1138 uicisse.
1476 1093 1492 1132 s

281 1176 321 1240 39
374 1180 424 1244 Ab
439 1179 496 1243 hoc
510 1179 599 1242 initio
619 1177 716 1242 illecti
738 1177 885 1261 principis
907 1177 1043 1242 extulere
1064 1179 1181 1244 mimos
1203 1177 1343 1254 Arriani,
1366 1177 1454 1259 pote-

331 1283 413 1347 state
434 1280 515 1364 regis
538 1281 639 1358 usuri,
662 1279 716 1345 ubi
738 1280 923 1345 auctoritate
945 1299 1001 1344 sua
1021 1300 1132 1362 pamm
1154 1280 1334 1345 ualuisseut.
1356 1278 1456 1362 igitur

331 1403 402 1449 curn
417 1383 602 1448 sententiam
617 1402 736 1461 eorum,
753 1401 847 1464 quam
862 1382 900 1446 de
914 1381 1086 1448 Athanasio
1100 1383 1261 1461 dederant,
1282 1381 1380 1447 nostri
1393 1399 1456 1445 non

331 1486 514 1567 reciperent,
538 1486 674 1550 edictum
689 1485 727 1549 ab
743 1485 928 1566 imperatore
942 1484 1136 1566 proponitur,
1158 1485 1263 1566 utqui
1276 1485 1309 1548 in
1324 1483 1454 1548 dumna-

302 1588 446 1653 2tionem
461 1586 625 1652 Athanasii
640 1607 700 1652 non
715 1587 955 1664 subscriberent,
970 1587 1003 1650 in
1018 1587 1145 1652 exilium
1158 1587 1354 1669 pellerentur.
1371 1587 1454 1650 cete-
1465 1610 1494 1650 ro

330 1709 399 1754 rum
414 1710 433 1754 a
446 1690 559 1756 nostris
574 1691 642 1754 tum
658 1690 739 1772 apud
754 1689 915 1754 Arelatem
933 1688 1132 1768 acBitteras,
1148 1690 1261 1772 oppida
1271 1688 1456 1764 Galliarum,

330 1793 540 1876 episcoporum
555 1792 682 1857 concilia
708 1790 800 1858 fuere.
828 1791 1005 1874 petebatur,
1030 1795 1067 1857 ut
1081 1790 1457 1874 priusquaminAthana·

329 1895 410 1960 sium
425 1894 615 1960 subscribere
629 1896 824 1977 cogerentur,
847 1894 886 1958 de
900 1893 960 1958 fide
974 1894 1078 1976 potius
1093 1895 1315 1977 disceptarent,
1335 1913 1371 1958 ac
1385 1895 1456 1958 tum

328 1997 453 2062 domum
479 1997 517 2061 de
543 2016 575 2062 re
600 1997 857 2080 cognoscendum,
880 2016 951 2061 cum
971 1997 1010 2062 de
1035 2016 1163 2079 persona
1182 1997 1320 2062 iudicum
1340 1995 1457 2061 conah-

301 2101 427 2166 scisset.
457 2100 510 2164 sed
535 2098 648 2164 Valens
674 2100 807 2182 sociique
833 2100 899 2164 eius
925 2099 1010 2181 prius
1035 2098 1200 2164 Athanasii
1226 2098 1456 2164 damnationem
1465 2123 1492 2163 rs

329 2207 506 2284 extorquere
528 2202 706 2284 cupiebant,
730 2203 766 2266 de
788 2202 849 2267 fide
870 2205 987 2266 certare
1009 2219 1069 2266 non
1090 2202 1167 2266 ausi.
1191 2201 1229 2266 ab
1244 2201 1302 2265 hoc
1315 2200 1455 2282 partium

328 2305 471 2371 conflictu
497 2305 601 2387 agitur
626 2305 658 2368 in
685 2305 811 2370 erilium
837 2305 996 2369 Paulinus.
1027 2305 1144 2368 interea
1158 2303 1367 2368 Mediolanum
1381 2321 1454 2367 con·

327 2408 465 2484 aeuitur,
488 2406 542 2472 ubi
567 2409 636 2470 tum
662 2408 768 2471 aderat
794 2407 976 2489 imperator:
1002 2407 1109 2470 cadem
1129 2406 1185 2471 illa
1199 2407 1354 2470 contentio
1374 2404 1455 2470 nihil

300 2510 461 2574 dinuicem
490 2508 655 2573 relaxabat.
679 2511 748 2572 tum
776 2507 927 2573 Eusebius
953 2508 1195 2573 Vercellensium
1223 2510 1256 2573 et
1283 2507 1406 2573 Lucifer
1434 2526 1454 2572 a

329 2609 429 2676 Curali
456 2609 613 2675 Sardiniae
640 2611 773 2692 episcopi
798 2609 938 2692 relegati.
962 2612 1099 2676 ceterum
1123 2611 1305 2694 Dionysius,
1333 2610 1489 2677 Medio-ro

328 2713 501 2778 lunensium
513 2712 666 2789 sacerdos,
681 2712 714 2776 in
725 2712 890 2776 Athanasii
905 2713 1133 2778 damnationem
1148 2732 1180 2777 se
1195 2713 1364 2778 consentire
1378 2711 1453 2777 sub·

329 2815 468 2897 scripsit,
492 2813 657 2879 dummodo
678 2813 715 2878 de
735 2813 795 2878 fide
814 2815 895 2878 inter
921 2815 1077 2898 episcopos
1092 2819 1296 2897 quaereretur.
1320 2815 1374 2880 sed
1388 2813 1452 2880 Va·

329 2917 394 2982 lens
420 2919 452 2982 et
477 2916 620 2982 Vrsatius
646 2917 798 2998 ceterique
824 2919 911 2982 metu
931 2917 1046 3001 plebis,
1069 2937 1147 2999 quae
1162 2918 1345 2984 cathohcam
1359 2917 1453 2982 tidem

329 3020 452 3104 egregio
468 3019 569 3085 studio
585 3019 799 3096 conserbabat,
821 3039 882 3084 non
899 3021 966 3086 ausi
981 3021 1104 3103 piacula
1117 3021 1254 3103 profiteri
1268 3021 1352 3086 intra
1364 3021 1452 3103 pala·

301 3124 410 3188 5tium
420 3125 652 3206 congregantur.
668 3122 754 3186 illinc
769 3123 932 3204 epistolam
945 3124 1001 3187 sub
1016 3123 1215 3205 imperatoris
1226 3125 1349 3188 nomine
1359 3124 1453 3188 emit·
1463 3139 1489 3180 ιι

329 3227 415 3302 tunt,
438 3225 522 3290 omni
536 3225 692 3308 prauitate
707 3223 869 3302 inlectam,
892 3245 927 3290 eo
941 3226 1090 3291 nimirum
1104 3226 1246 3304 consilio,
1269 3230 1319 3302 ut,
1343 3227 1369 3290 si
1384 3245 1454 3290 eam

329 3328 434 3408 aequis
450 3327 575 3391 auribus
589 3327 720 3409 populus
735 3329 914 3410 recepisset,
929 3328 1053 3410 pubhca
1067 3329 1252 3394 auctoritate
1267 3329 1372 3412 cupita
1382 3347 1453 3411 pro·

329 3428 458 3494 famant:
483 3429 531 3494 sin
545 3428 636 3494 ahter
650 3429 760 3495 fuisset
775 3433 915 3513 excepta,
939 3431 1037 3495 omnis
1052 3431 1170 3496 inuidia
1184 3434 1265 3496 esset
1278 3433 1311 3496 in
1325 3451 1406 3514 rege,
1421 3432 1454 3495 et

329 3531 397 3614 ipsa
412 3531 556 3609 uenialis,
579 3531 652 3613 quia
667 3533 761 3597 etiam
783 3536 852 3597 tum
877 3533 1113 3599 catechumenus
1135 3536 1361 3599 sacramentum
1382 3533 1453 3598 fidei

302 3635 440 3698 emerito
457 3634 612 3699 uideretur
625 3635 761 3716 potuisse
776 3636 901 3700 nescire.
925 3637 1025 3718 igitur
1038 3636 1120 3702 lecta
1134 3637 1166 3700 in
1181 3636 1308 3700 ecclesia
1323 3636 1453 3719 epistola
1462 3663 1490 3704 eo

329 3736 459 3820 populus
486 3739 654 3802 auersatus.
689 3738 870 3820 Dionysius,
899 3739 972 3819 quia
996 3758 1057 3804 non
1081 3740 1162 3803 esset
1189 3758 1344 3816 assensus,
1378 3738 1453 3804 urbe

382 3954 522 4009 lanxoP
590 3955 808 4013 bestsolitusb
879 3957 914 4011 11
934 3959 993 4009 tum
1010 3958 1039 4010 b:
1058 3960 1157 4013 cumP
1177 3961 1190 4026 ΙΙ
1212 3958 1327 4012 bitteras
1342 3960 1378 4012 P:
1400 3957 1454 4010 Bu·
1552 3967 1555 3974 ’

329 4041 400 4091 teras
419 4041 447 4102 b,
466 4040 586 4094 Biterrae
600 4041 742 4110 Sipontina,
761 4047 792 4095 cet
813 4041 946 4096 Hilarius
965 4059 1071 4112 quoquc
1090 4045 1171 4098 nabet
1242 4044 1278 4100 13
1295 4059 1327 4098 ac
1338 4047 1396 4098 tum
1413 4044 1452 4097 P:

330 4139 377 4176 nec
397 4126 455 4177 tum
476 4126 507 4191 b;
534 4127 569 4192 of.
591 4125 625 4180 dc
638 4127 725 4180 Proto
737 4126 775 4178 od
786 4127 811 4180 b.
825 4127 842 4179 l.
921 4128 958 4183 14
975 4128 1093 4182 iudicum
1104 4128 1138 4182 de
1150 4130 1251 4183 Proto:
1270 4129 1398 4182 iudicium
1410 4129 1453 4184 Pb

382 4209 421 4265 20
438 4211 541 4266 Caralis
554 4210 704 4277 Pelorid,
722 4211 848 4264 αᾶὴιιειιίι
860 4227 873 4264 s
885 4228 919 4266 es
930 4216 1054 4282 sequenti
1069 4231 1135 4268 noce
1150 4217 1163 4283 ΙΙ
1180 4214 1310 4282 episcopis
1321 4216 1360 4277 P,
1387 4216 1452 4280 fort.

327 4311 381 4362 pro
407 4297 522 4364 episcopi
544 4299 610 4350 a:
629 4300 692 4350 sunt
771 4297 953 4352 hormestam
975 4300 1013 4352 P:
1040 4300 1199 4354 refertamb
1227 4302 1240 4367 ΙΙ
1268 4305 1300 4353 ed
1319 4302 1358 4355 P:
1386 4300 1453 4354 oab

382 4380 420 4435 27
439 4381 571 4449 proferent
585 4383 611 4435 P
661 4382 699 4438 28
713 4383 740 4435 ct
753 4382 821 4451 ipsa]
834 4384 898 4448 sort.
912 4384 965 4451 ipsi
1012 4384 1049 4440 29
1061 4385 1240 4438 catecuminus
1253 4386 1280 4438 P
1331 4385 1454 4441 301ecta

330 4496 363 4504 -
374 4467 513 4518 auersatus
526 4468 565 4520 P:
584 4468 681 4520 lectam
694 4467 721 4520 in
734 4466 853 4520 Ecclesia
865 4468 1006 4535 epistolam
1017 4469 1130 4538 populus
1142 4472 1309 4524 auersaturb
