3300 5142
826 259 839 284 Ι

746 303 768 370 χ..
814 341 822 359 ι

345 505 407 570 132
702 477 706 486 ¹
758 503 906 573 Sulpicii
923 503 1039 558 Seueri

339 677 357 723 o
379 679 472 743 quam
486 661 590 726 eurota
604 658 641 724 de
655 657 780 724 Domini
794 659 910 740 pietate
923 659 1149 741 praesumptio,
1165 659 1198 724 in
1212 679 1274 742 qua
1286 661 1345 725 etsi
1359 663 1468 726 aucto-

311 763 463 828 esaum
477 763 628 845 praesare
647 780 708 826 non
727 762 846 843 perun
867 761 1003 828 aenou
1017 761 1171 827 metum.
1193 763 1226 827 eo
1245 762 1319 845 quia
1338 764 1376 828 re
1394 746 1467 830 da-

338 865 407 931 bolo
422 865 617 946 eiusdemque
637 863 755 929 artibus
770 881 870 929 sermo
892 865 1015 930 exortus
1040 866 1104 944 est,
1126 883 1186 930 non
1210 865 1249 930 ab
1271 883 1304 930 re
1329 867 1465 946 uidetur,

337 969 410 1034 licet
423 967 622 1044 extrinseous,
638 966 748 1031 referre
762 967 843 1050 quod
857 969 981 1052 gestum
995 968 1058 1046 est,
1081 968 1154 1050 quia
1167 969 1200 1033 et
1214 968 1364 1050 quaedam
1378 970 1411 1034 in
1425 987 1461 1034 eo

337 1071 463 1136 Martini
478 1070 631 1135 uirtutum
645 1070 743 1151 portio
758 1071 805 1134 est
819 1072 851 1134 et
864 1089 912 1135 res
926 1070 1021 1155 digna
1035 1071 1183 1136 miraculo
1196 1073 1278 1136 recte
1291 1073 1458 1139 memoriae
1489 1093 1503 1131 s

337 1173 546 1250 mandabitur,
570 1172 601 1236 in
616 1172 787 1255 exemplum
802 1173 944 1251 cauendi,
966 1175 993 1237 si
1009 1174 1084 1256 quid
1098 1173 1239 1256 demaeps
1253 1175 1375 1257 uspiam
1394 1176 1458 1240 tale

343 1277 515 1360 mntigerit.

288 1387 328 1451 23
380 1377 486 1444 Clarus
500 1378 640 1461 quidam,
665 1377 839 1444 adulescens
852 1379 1081 1458 nobilissimus,
1103 1397 1174 1444 mor
1188 1379 1360 1464 presbyter,
1383 1368 1467 1446 nunc

338 1481 420 1548 felici
434 1481 542 1547 beatus
557 1499 694 1559 excessu,
716 1499 787 1546 oum
806 1482 922 1547 relictis
942 1483 1085 1548 omuibus
1105 1501 1138 1548 se
1152 1483 1192 1548 ad
1206 1483 1376 1548 Martinam
1390 1501 1465 1548 oon·
1566 1468 1572 1476 ⁴

336 1585 473 1663 tulisset,
495 1585 582 1650 breui
601 1586 736 1666 tempore
756 1585 796 1650 ad
816 1605 973 1650 summum
993 1586 1064 1651 fidei
1084 1587 1298 1671 uirtutumque
1312 1587 1452 1651 omnium
1477 1606 1501 1645 ro

308 1687 457 1752 acumen
470 1687 590 1753 enituit.
606 1688 709 1771 itaque
724 1707 794 1752 oum
808 1687 885 1752 haut
900 1689 989 1772 louge
1002 1689 1062 1753 sibi
1077 1689 1116 1753 ab
1127 1688 1260 1771 episcopi
1271 1689 1464 1753 monasterio

337 1791 565 1856 tabemaordum
579 1791 787 1856 constituisset
801 1791 953 1873 multique
972 1791 1054 1872 apud
1074 1809 1145 1856 eum
1161 1789 1274 1873 ¹fratres
1289 1809 1463 1856 commora-

337 1895 456 1972 rentur,
478 1894 596 1959 iuuenis
620 1894 746 1977 quidam
772 1893 811 1958 ad
836 1911 907 1958 eum
928 1893 1091 1958 Amulius
1111 1893 1247 1971 nomine,
1271 1893 1327 1957 sub
1342 1892 1463 1975 profes·

336 1995 419 2062 sione
434 1996 572 2061 monachi
587 2016 708 2063 omnem
727 1997 937 2062 humilitatem
957 1997 1055 2079 adque
1075 1996 1280 2061 innocentiam
1297 1996 1460 2072 mentitus,

309 2099 462 2164 taooessit
487 2099 696 2184 habitauitque
716 2097 906 2183 aliquamdiu
927 2100 961 2164 in
980 2117 1140 2164 commune
1160 2117 1231 2163 oum
1246 2099 1362 2163 ceteris.
1386 2099 1458 2164 dein
1473 2121 1499 2161 rs

336 2186 512 2285 procedente
531 2203 664 2286 tempore
685 2204 808 2288 angelos
833 2202 915 2286 apud
945 2220 977 2266 se
1003 2201 1087 2285 loqui
1106 2201 1202 2266 solere
1226 2201 1356 2268 dicebat.
1380 2220 1452 2267 cum

335 2305 429 2372 fidem
443 2305 546 2370 nullus
559 2307 729 2384 adhiberet,
752 2307 849 2392 signis
874 2305 1059 2388 quibusdam
1083 2305 1243 2387 plerosque
1262 2306 1301 2369 ad
1326 2305 1462 2369 creden·

336 2409 411 2474 dum
425 2407 586 2473 coartabat.
608 2411 758 2492 postremo
774 2427 808 2475 eo
824 2428 920 2492 usque
933 2409 1095 2491 processit,
1110 2411 1147 2472 ut
1161 2409 1241 2473 iuter
1255 2425 1287 2472 se
1301 2427 1336 2472 ao
1351 2408 1458 2473 Deum

336 2511 460 2576 nrmtios
474 2510 637 2575 discurrere
651 2513 851 2595 praedicarat,
867 2512 989 2595 iamque
1003 2530 1035 2576 se
1049 2531 1145 2576 unum
1160 2529 1196 2575 er
1209 2509 1337 2592 profetis
1351 2509 1460 2574 haberi

308 2612 467 2678 4uolebat.
483 2611 588 2676 Clarus
603 2614 704 2680 tamen
718 2634 909 2697 nequaquam
922 2615 961 2680 ad
976 2613 1160 2680 credendum
1174 2614 1243 2698 cogi
1259 2615 1389 2696 poterat.
1405 2612 1459 2677 illo
1470 2634 1497 2675 ao

334 2715 363 2781 ei
387 2715 465 2780 iram
490 2713 615 2778 Domini
635 2716 666 2777 et
691 2720 859 2796 praesentes
884 2718 1008 2802 plagas,
1031 2736 1085 2782 our
1105 2718 1209 2782 sancto
1231 2735 1291 2782 non
1311 2716 1458 2794 crederet,

306 2816 523 2883 boomminan'.
546 2817 731 2897 postremum
750 2819 782 2884 in
801 2821 879 2885 hauc
898 2839 1004 2885 uocem
1024 2821 1159 2902 erupisse
1179 2819 1294 2883 fertur:
1316 2837 1383 2884 ecoe
1397 2819 1455 2884 hao

334 2922 421 2986 noote
432 2921 549 2984 uestem
560 2919 637 2984 mihi
649 2919 806 2984 candidam
818 2923 967 2988 Dominus
982 2923 1021 2988 de
1036 2923 1118 2988 caelo
1134 2921 1237 3001 debit',
1252 2939 1313 3006 qua
1327 2921 1454 2987 indutus

335 3025 367 3090 in
382 3023 483 3090 medio
498 3021 635 3086 uestrum
649 3021 834 3089 diuersabor:
848 3026 941 3108 idque
955 3026 1042 3091 uobis
1054 3025 1178 3109 signum
1193 3025 1266 3101 erit,
1283 3025 1316 3089 in
1333 3043 1383 3090 me
1397 3024 1458 3089 Dei

308 3131 399 3193 bessa
413 3126 576 3200 uirtutem,
592 3123 645 3205 qui
660 3121 716 3188 Dei
731 3127 814 3189 ueste
828 3127 957 3194 donatus
978 3129 1049 3194 sim.
1072 3131 1141 3194 tum
1156 3145 1228 3194 uero
1243 3129 1368 3213 grandis
1383 3145 1459 3192 om·
1468 3149 1496 3189 se

335 3230 421 3295 nium
447 3227 486 3294 ad
510 3226 588 3291 hanc
613 3223 827 3307 professionem
852 3233 1026 3309 expectatio.
1051 3233 1156 3314 itaque
1177 3233 1217 3296 ad
1237 3231 1372 3296 mediam
1393 3230 1457 3295 fere

335 3333 455 3397 noctem
479 3329 606 3395 fremitu
627 3329 740 3393 terram
761 3327 973 3400 insultantium
992 3335 1177 3400 commoneri
1199 3353 1288 3399 omne
1302 3335 1459 3400 monaste·

335 3437 416 3502 rium
431 3434 495 3499 loco
510 3433 613 3497 uisum
627 3431 688 3496 est:
711 3429 852 3495 cellulam
872 3435 991 3512 autem,
1011 3458 1071 3521 qua
1090 3439 1173 3503 idem
1187 3438 1367 3502 adulescens
1377 3453 1459 3510 ‚con-

334 3538 502 3616 tinebatur,
525 3535 638 3602 crebris
658 3551 791 3599 cerneres
811 3533 922 3601 micare
941 3535 1122 3618 luminibus,
1145 3540 1346 3623 fremitusque
1361 3540 1395 3604 in
1421 3558 1457 3604 ea

332 3641 570 3709 discurrentium
585 3641 616 3704 et
630 3657 770 3702 murmur
785 3635 938 3720 quoddam
950 3639 1117 3708 multarum
1132 3662 1242 3708 uocum
1255 3643 1454 3708 audiebatur.
1467 3666 1495 3708 ro

386 3881 405 3936 3
418 3877 534 3934 eiusdem
543 3877 573 3931 F
578 3893 622 3946 pr.
633 3894 666 3931 na
719 3876 737 3932 6
750 3875 810 3944 quit
820 3874 848 3928 V
895 3873 913 3931 8
926 3873 1034 3942 quidam
1041 3877 1104 3930 ΒΜ
1106 3877 1137 3930 V:
1153 3881 1258 3944 quidam
1267 3881 1372 3935 nomine
1381 3882 1458 3937 AFv

388 3967 423 4022 11
438 3963 526 4019 autV
577 3963 612 4020 12
631 3964 767 4032 aputeum
783 3963 810 4016 V
869 3959 1144 4017 lacrumando
1204 3961 1243 4018 14
1256 3967 1458 4021 omuibumili·

335 4048 688 4120 tateatqueiunocentiaF
738 4047 775 4105 15
793 4063 844 4116 que
862 4048 894 4101 iu
910 4046 964 4101 Va.
978 4047 995 4100 l.
1016 4048 1028 4114 ΙΙ
1049 4045 1137 4100 inore.
1154 4047 1181 4100 V
1231 4045 1266 4103 17
1282 4050 1457 4105 fldemdictis

336 4136 465 4191 nullusA
516 4134 553 4193 18
571 4133 709 4190 coartabat
719 4133 821 4187 BMV:
841 4132 1029 4187 cohortabatur
1041 4131 1112 4187 AFo
1172 4132 1209 4189 19
1226 4132 1333 4186 nuntios
1345 4137 1456 4190 BMV:

336 4222 444 4293 angelos
465 4223 547 4288 AFo3
574 4221 714 4276 temonem
733 4219 841 4272 nuntios
861 4219 955 4284 {irruat
976 4218 1116 4273 Paulinus
1193 4217 1231 4274 21
1254 4217 1291 4287 ei]
1311 4217 1381 4270 euim
1400 4221 1460 4274 FV

385 4307 424 4365 22
441 4311 574 4378 postrema
587 4306 656 4360 Ano
675 4307 688 4373 ΙΙ
708 4305 839 4374 inrupisse
856 4304 883 4358 V
932 4305 970 4360 24
988 4303 1154 4358 deuersabor
1166 4304 1224 4358 AF
1240 4304 1253 4371 ΙΙ
1274 4304 1302 4356 in
1314 4303 1410 4356 medei
1423 4306 1461 4360 M

336 4394 431 4450 ctood.
454 4394 559 4448 Boot:
578 4409 619 4448 me
639 4393 668 4446 in
685 4391 728 4445 dci
748 4389 814 4461 ΕΟ,
833 4407 876 4444 me
892 4389 936 4444 dei
952 4391 1023 4445 AVo
1074 4389 1112 4446 27
1130 4391 1230 4443 terram
1255 4389 1292 4444 V:
1317 4405 1364 4442 om.
1383 4389 1459 4443 AFo

389 4481 427 4540 28
444 4479 540 4536 cellula
556 4480 581 4536 V
597 4479 610 4547 11
630 4477 788 4548 quaAFV:
808 4477 931 4545 inquao
