3300 5142
354 538 377 601 4
767 528 910 585 Minucii
928 526 1056 582 Felicis

325 692 402 759 nest
415 689 594 774 gloriosius,
613 686 833 771 praecucurrit.
857 685 961 766 itaque
975 702 1047 748 cum
1061 699 1114 764 per
1129 681 1304 746 uniuersam
1319 679 1472 744 conuictm

352 793 451 860 nostri
470 793 502 857 st
522 790 746 856 familiaritatis
760 791 896 854 11111111
909 806 979 852 mea
993 784 1140 871 cogitatio
1155 784 1347 861 uolueretur,
1374 781 1406 846 in
1421 780 1473 844 illo

351 897 514 979 praecipue
528 911 666 960 sermone
685 893 751 957 eius
773 891 887 958 mentis
902 910 989 956 meae
1003 889 1117 954 resedit
1130 887 1276 965 intentio,
1299 903 1358 969 quo
1373 883 1473 950 onai-

351 1001 431 1066 lium
452 997 672 1081 superstitiosis
697 995 888 1060 uanitatibus
908 995 1084 1060 etiamnunc
1104 991 1312 1057 inhaerentem
1336 988 1473 1071 disputa·

351 1104 434 1167 tione
449 1099 807 1186 grauissimaodneram
820 1097 1003 1182 religionem
1016 1095 1207 1161 reformauit.
1492 1107 1501 1142 ⁵

322 1209 341 1270 1
392 1205 475 1270 Nam
493 1203 611 1287 negotii
631 1203 663 1268 et
681 1201 801 1266 uisendi
829 1200 890 1266 mei
910 1201 1012 1284 gratia
1037 1199 1166 1264 Romam
1196 1195 1405 1274 contenderat,
1427 1215 1472 1260 re-

350 1309 428 1373 licta
441 1306 541 1383 domo,
556 1305 700 1388 coniuge,
715 1302 833 1381 liberis,
848 1304 881 1369 et
895 1303 976 1386 quod
991 1302 1039 1367 est
1053 1301 1086 1366 in
1099 1300 1207 1366 liberis
1222 1299 1397 1374 amabilius
1419 1299 1472 1364 ad·

351 1411 411 1475 buc
430 1410 518 1474 annis
538 1408 749 1474 innocentibus
769 1410 801 1471 et
822 1406 923 1472 adbuc
944 1405 1108 1472 dimidiata
1127 1405 1221 1470 uerba
1240 1401 1471 1485 temptantibus,
1598 1423 1599 1426 ¹

322 1512 516 1595 aloquellam
531 1513 596 1594 ipso
611 1511 788 1577 offensantis
794 1511 920 1594 linguae
935 1509 1088 1593 fragmine
1103 1508 1281 1574 dulciorem.
1298 1505 1405 1589 quoin
1420 1504 1472 1568 ad-

350 1617 446 1682 uentu
466 1615 532 1680 eius
552 1633 613 1680 non
632 1633 757 1696 possum
778 1614 949 1696 exprimere
963 1611 1170 1688 sermonibus,
1194 1612 1308 1693 quanto
1323 1626 1501 1691 quamquem

350 1719 514 1801 inpatienti
540 1718 652 1803 gaudio
671 1717 892 1796 erultsuerim,
922 1734 993 1782 cum
1014 1717 1142 1800 augeret
1164 1713 1297 1778 maxime
1322 1711 1471 1777 laetitiam

321 1840 450 1894 ameum
464 1820 646 1886 amicissimi
661 1819 794 1884 bominis
808 1819 967 1902 inopinata
981 1817 1162 1901 praesentia.
1179 1815 1279 1900 igitur
1293 1817 1363 1900 post
1378 1833 1472 1878 unum

350 1929 382 1991 et
395 1926 528 1991 alterum
542 1925 640 2001 11111,
656 1943 727 1988 oum
742 1923 806 1987 iam
821 1922 853 1987 et
867 1923 1051 1988 auiditatem
1071 1919 1216 1985 desiderii
1236 1918 1378 2001 frequens
1391 1916 1472 1981 adsi-

349 2027 481 2092 duitatis
495 2045 570 2092 usus
583 2026 743 2110 implesset
757 2029 789 2091 et
804 2044 881 2108 quae
896 2044 950 2108 per
964 2024 1139 2090 absentiam
1161 2025 1306 2087 mutuam
1327 2022 1365 2085 de
1387 2019 1471 2084 nobis

349 2130 573 2207 nesciebamus,
589 2129 736 2196 relatione
749 2129 868 2194 11111111
878 2128 1146 2211 comperissemus,
1161 2124 1279 2210 placuit
1291 2123 1411 2188 Ostiam
1421 2141 1499 2206 pe-rs

349 2237 429 2312 tere,
450 2232 699 2300 amoenissimam
714 2231 890 2310 ciuitatem,
912 2231 993 2313 quod
1009 2232 1089 2296 esset
1110 2229 1228 2310 corpori
1242 2245 1310 2293 meo
1326 2225 1471 2292 siccandis

349 2337 507 2403 umoribus
527 2337 566 2401 de
580 2336 708 2400 marinis
728 2335 860 2400 11111111
875 2334 988 2400 blanda
1002 2336 1033 2398 et
1048 2333 1187 2414 adposita
1201 2331 1335 2397 curatio:
1357 2349 1429 2396 sane
1443 2331 1471 2394 et

348 2439 590 2504 aduindemiam
601 2437 695 2504 leriae
705 2437 899 2502 iudiciariam
910 2457 1017 2502 curam
1029 2438 1249 2501 relarauerant.
1269 2453 1341 2500 nam
1352 2433 1470 2498 1111111-

348 2543 430 2623 poris
444 2543 514 2625 post
528 2540 679 2606 aestiuam
694 2540 778 2604 diem
792 2540 825 2604 in
839 2541 1021 2622 temperiem
1035 2541 1134 2604 semet
1152 2537 1344 2604 autumnitas
1358 2535 1470 2620 dirige·

319 2645 410 2709 sbat.
427 2644 532 2725 itaque
547 2662 618 2709 cum
632 2642 769 2708 diluculo
784 2644 823 2707 ad
840 2661 924 2708 mare
934 2641 1152 2708 inambulando
1164 2641 1254 2707 litore
1265 2657 1468 2724 pergeremus,
1477 2659 1499 2698 a

348 2749 384 2811 ut
405 2749 437 2812 et
457 2765 532 2812 aura
559 2745 718 2828 adspirans
745 2747 856 2812 leniter
876 2747 1015 2812 membra
1041 2745 1201 2831 uegetaret
1221 2745 1254 2809 st
1274 2762 1345 2808 oum
1360 2743 1470 2808 eximia

348 2850 506 2932 uoluptate
529 2849 618 2914 molli
639 2850 772 2934 uestigio
792 2850 901 2915 cedens
921 2849 1035 2914 11111111
1054 2849 1240 2927 subsideret,
1263 2845 1415 2914 Caecilius
1429 2846 1469 2910 si·

347 2952 483 3018 mulacro
500 2951 653 3034 Serapidis
669 2952 828 3032 denotato,
857 2954 892 3018 ut
914 2953 1029 3038 uulgus
1040 2952 1273 3036 superstitiosus
1287 2950 1380 3028 solet,
1404 2968 1468 3014 ma·

346 3075 422 3120 num
437 3057 483 3120 ori
497 3055 665 3120 admonens
679 3056 818 3120 osculum
833 3055 925 3120 labiis
940 3055 1097 3138 inpressit.

318 3173 336 3234 3
390 3159 477 3224 Tunc
496 3157 645 3224 Octauius
671 3159 731 3223 ait:
754 3157 823 3223 Non
844 3159 917 3223 boni
939 3158 1001 3222 uiri
1021 3159 1085 3237 est,
1107 3157 1210 3223 Marce
1231 3157 1345 3233 irater,
1367 3155 1498 3220 homi-n

346 3281 418 3327 nem
436 3262 521 3326 domi
541 3261 676 3345 lorisque
695 3260 787 3327 lateri
806 3263 862 3327 tuo
875 3261 1086 3326 inhaerentem
1106 3262 1152 3326 sic
1171 3259 1204 3324 in
1224 3260 1282 3324 bac
1306 3258 1467 3342 inperitiae

347 3364 486 3447 uulgaris
501 3365 647 3429 caecitate
662 3364 812 3441 deserere,
828 3366 865 3429 ut
879 3364 946 3429 tam
961 3363 1117 3429 luculento
1138 3364 1189 3428 die
1208 3363 1242 3426 in
1261 3361 1380 3445 lapides
1394 3379 1466 3426 eum

347 3467 473 3548 patiaris
492 3467 666 3550 inpingere,
694 3466 846 3550 effigiatos
872 3485 944 3532 sane
966 3469 997 3531 et
1020 3468 1129 3531 unctos
1155 3469 1186 3531 et
1201 3468 1376 3542 coronatos,
1399 3482 1469 3528 oum

399 3655 415 3711 1
429 3653 572 3723 gloriosius
583 3653 610 3708 P
618 3668 686 3708 corr.
696 3670 730 3708 na.
743 3655 808 3708 211
815 3653 918 3724 glorius
938 3655 951 3722 11
970 3654 1118 3724 praecurrit
1130 3671 1146 3707 r
1191 3653 1210 3710 3
1223 3667 1274 3721 quo
1286 3669 1317 3706 r:
1330 3651 1400 3722 quod
1409 3651 1438 3705 P

346 3746 365 3798 8
383 3741 461 3795 suuis
472 3757 521 3794 orn
538 3739 669 3804 Vrsinus,
687 3739 786 3794 animis
793 3741 965 3810 probabilius
985 3739 1089 3796 Valden
1107 3741 1164 3796 coll.
1183 3739 1312 3794 11111111.
1330 3740 1393 3793 inst.
1411 3737 1466 3792 diu.

346 3829 458 3895 I,21et
474 3826 519 3881 VI
526 3829 566 3880 20
630 3825 799 3896 9loquelsm
822 3843 850 3891 r,
881 3825 1030 3894 loquela-
1044 3825 1161 3880 dulciore
1188 3825 1304 3880 Vrsinus
1359 3825 1396 3882 14
1412 3839 1467 3877 mu·

345 3919 392 3967 tuo
412 3915 577 3983 Anonymus
596 3913 630 3967 in
649 3911 764 3967 Miscell.
788 3912 898 3968 Obseru.
921 3914 945 3977 I,
958 3915 987 3980 2,
1000 3916 1018 3966 3
1038 3914 1135 3980 (1732)
1157 3917 1183 3966 at
1195 3911 1355 3974 chnrunn,
1368 3913 1468 3965 motam

346 4000 402 4067 (uel
418 4000 542 4068 multam)
557 3999 590 4054 (1.
604 3999 638 4052 F.
658 3998 684 4053 S.
704 3999 811 4054 Sticbcr
830 4000 862 4053 in
883 3997 1037 4054 Obseruott.
1059 4000 1130 4053 criti.
1153 4000 1185 4052 in
1202 3997 1338 4067 quaedum
1360 3997 1468 4067 Vsrpoii

346 4092 372 4139 et
387 4085 511 4140 Minuisti
527 4085 560 4139 F.
579 4085 639 4139 loco
659 4084 879 4153 (Onoldi1791)
932 4083 1103 4143 lanosum
1121 4085 1164 4139 Pr
1222 4083 1258 4141 16
1279 4084 1396 4154 corporis
1416 4082 1468 4137 mei

317 4189 321 4198 ·
346 4171 496 4225 Heumann
532 4171 570 4228 17
579 4169 762 4225 humoribusr
798 4170 834 4228 19
848 4170 970 4224 autumni
982 4173 1072 4224 aestus
1084 4169 1111 4224 J.
1126 4170 1263 4227 chtoer
1306 4169 1342 4227 21
1355 4169 1467 4224 111111-

345 4258 389 4311 uit
400 4256 552 4311 Heumann
608 4257 646 4314 12
667 4256 806 4310 uoluntate
817 4257 868 4321 Pr,
888 4255 936 4310 scd
948 4257 1087 4326 uoluptate
1099 4273 1168 4312 corr.
1180 4258 1213 4312 in
1220 4257 1344 4325 praefat.
1357 4255 1399 4310 cd.
1412 4255 1467 4310 Ro·

344 4359 444 4397 monuc
466 4343 479 4410 ΙΙ
505 4343 595 4396 mollis
616 4343 735 4397 Vrsinus
757 4343 769 4409 ΙΙ
792 4341 967 4396 111111Ρ1
984 4359 1071 4396 monn
1134 4343 1172 4400 23
1189 4341 1375 4412 superstitiose
1391 4341 1467 4395 Heu·

344 4445 444 4495 mann,
462 4427 676 4497 superstitiosius
687 4428 722 4482 F.
739 4427 769 4483 0.
782 4427 980 4495 Mauritaniam
997 4429 1057 4496 ipse
1067 4428 1162 4482 mutim
1173 4427 1398 4498 superstitiosum,
1410 4426 1465 4482 coll.

345 4519 388 4580 18,
400 4519 433 4568 11
444 4513 522 4568 audio
534 4512 632 4582 uulgus
685 4513 724 4570 24
734 4513 851 4583 praessit
859 4514 895 4582 P,
909 4529 955 4569 cm.
967 4513 1085 4569 Vrsinus
1132 4513 1170 4571 28
1183 4515 1275 4568 unctos
1284 4516 1313 4567 ct
1321 4511 1467 4580 coronatos]
