<?xml version="1.0" encoding="UTF-8"?>
<!DOCTYPE html PUBLIC "-//W3C//DTD XHTML 1.0 Transitional//EN"
    "http://www.w3.org/TR/xhtml1/DTD/xhtml1-transitional.dtd">
<html xmlns="http://www.w3.org/1999/xhtml" xml:lang="en" lang="en">
 <head>
  <title>
</title>
<meta http-equiv="Content-Type" content="text/html;charset=utf-8" />
  <meta name='ocr-system' content='tesseract 3.04.00' />
  <meta name='ocr-capabilities' content='ocr_page ocr_carea ocr_par ocr_line ocrx_word'/>
</head>
<body>
  <div class='ocr_page' id='page_1' title='image "./corpusscriptoru12wissgoog_0322.png"; bbox 0 0 3300 5142; ppageno 0'>
   <div class='ocr_carea' id='block_1_1' title="bbox 391 525 456 576">
    <p class='ocr_par' dir='ltr' id='par_1_1' title="bbox 391 525 456 576">
     <span class='ocr_line' id='line_1_1' title="bbox 391 525 456 576; baseline -0.031 0"><span class='ocrx_word' id='word_1_1' title='bbox 391 525 456 576; x_wconf 79' lang='lat' dir='ltr'>XVI</span> 
     </span>
    </p>
   </div>
   <div class='ocr_carea' id='block_1_2' title="bbox 371 679 1573 4578">
    <p class='ocr_par' dir='ltr' id='par_1_2' title="bbox 387 679 1505 1358">
     <span class='ocr_line' id='line_1_2' title="bbox 393 679 1502 783; baseline 0.004 -31"><span class='ocrx_word' id='word_1_2' title='bbox 393 680 558 754; x_wconf 90' lang='lat' dir='ltr'>locorum</span> <span class='ocrx_word' id='word_1_3' title='bbox 586 679 734 754; x_wconf 82' lang='lat' dir='ltr'>Firmici</span> <span class='ocrx_word' id='word_1_4' title='bbox 761 681 931 770; x_wconf 78' lang='lat' dir='ltr'><strong>Materni,</strong></span> <span class='ocrx_word' id='word_1_5' title='bbox 960 685 1054 755; x_wconf 64' lang='lat'>012</span> <span class='ocrx_word' id='word_1_6' title='bbox 1083 684 1104 776; x_wconf 62' lang='grc' dir='ltr'><strong><em>ξ</em></strong></span> <span class='ocrx_word' id='word_1_7' title='bbox 1128 685 1166 772; x_wconf 88' lang='grc'>8,</span> <span class='ocrx_word' id='word_1_8' title='bbox 1196 681 1258 755; x_wconf 90' lang='lat' dir='ltr'>ubi</span> <span class='ocrx_word' id='word_1_9' title='bbox 1286 684 1399 756; x_wconf 83' lang='lat' dir='ltr'>codex</span> <span class='ocrx_word' id='word_1_10' title='bbox 1417 683 1502 783; x_wconf 87' lang='lat' dir='ltr'>plane</span> 
     </span>
     <span class='ocr_line' id='line_1_3' title="bbox 393 798 1504 902; baseline 0.002 -28"><span class='ocrx_word' id='word_1_11' title='bbox 393 799 516 899; x_wconf 88' lang='lat' dir='ltr'>inepte</span> <span class='ocrx_word' id='word_1_12' title='bbox 556 799 680 873; x_wconf 83' lang='lat' dir='ltr'>habet:</span> <span class='ocrx_word' id='word_1_13' title='bbox 720 798 764 874; x_wconf 82' lang='lat' dir='ltr'>ab</span> <span class='ocrx_word' id='word_1_14' title='bbox 791 800 954 900; x_wconf 74' lang='lat' dir='ltr'>Apolline</span> <span class='ocrx_word' id='word_1_15' title='bbox 980 827 1023 875; x_wconf 86' lang='lat' dir='ltr'>eii</span> <span class='ocrx_word' id='word_1_16' title='bbox 1049 801 1217 902; x_wconf 74' lang='lat' dir='ltr'>Marsyae</span> <span class='ocrx_word' id='word_1_17' title='bbox 1250 802 1417 878; x_wconf 82' lang='lat' dir='ltr'>casibus</span> <span class='ocrx_word' id='word_1_18' title='bbox 1440 830 1504 877; x_wconf 88' lang='lat' dir='ltr'>em·</span> 
     </span>
     <span class='ocr_line' id='line_1_4' title="bbox 392 920 1504 1008; baseline 0 -12"><span class='ocrx_word' id='word_1_19' title='bbox 392 922 522 996; x_wconf 82' lang='lat' dir='ltr'>delium</span> <span class='ocrx_word' id='word_1_20' title='bbox 554 934 807 996; x_wconf 78' lang='lat' dir='ltr'>tormentorum</span> <span class='ocrx_word' id='word_1_21' title='bbox 835 920 1005 997; x_wconf 75' lang='lat' dir='ltr'><strong><em>casibus</em></strong></span> <span class='ocrx_word' id='word_1_22' title='bbox 1045 923 1174 1008; x_wconf 70' lang='lat' dir='ltr'>discet,</span> <span class='ocrx_word' id='word_1_23' title='bbox 1218 948 1283 997; x_wconf 89' lang='lat' dir='ltr'>nee</span> <span class='ocrx_word' id='word_1_24' title='bbox 1309 924 1424 997; x_wconf 91' lang='lat' dir='ltr'>multo</span> <span class='ocrx_word' id='word_1_25' title='bbox 1444 949 1504 996; x_wconf 89' lang='lat' dir='ltr'>me·</span> 
     </span>
     <span class='ocr_line' id='line_1_5' title="bbox 390 1041 1503 1144; baseline 0.004 -30"><span class='ocrx_word' id='word_1_26' title='bbox 390 1041 461 1115; x_wconf 90' lang='lat' dir='ltr'>lius</span> <span class='ocrx_word' id='word_1_27' title='bbox 486 1067 514 1116; x_wconf 90' lang='lat' dir='ltr'>e.</span> <span class='ocrx_word' id='word_1_28' title='bbox 540 1045 574 1134; x_wconf 86' lang='lat'>3,</span> <span class='ocrx_word' id='word_1_29' title='bbox 600 1043 639 1115; x_wconf 83' lang='lat'>3:</span> <span class='ocrx_word' id='word_1_30' title='bbox 665 1055 812 1116; x_wconf 83' lang='lat' dir='ltr'>mortem</span> <span class='ocrx_word' id='word_1_31' title='bbox 839 1043 949 1141; x_wconf 84' lang='lat' dir='ltr'>ipsius</span> <span class='ocrx_word' id='word_1_32' title='bbox 977 1042 1151 1141; x_wconf 85' lang='lat' dir='ltr'>(Attidis)</span> <span class='ocrx_word' id='word_1_33' title='bbox 1178 1044 1315 1133; x_wconf 85' lang='lat' dir='ltr'>dicunt,</span> <span class='ocrx_word' id='word_1_34' title='bbox 1356 1047 1444 1144; x_wconf 81' lang='lat' dir='ltr'>quod</span> <span class='ocrx_word' id='word_1_35' title='bbox 1464 1069 1503 1118; x_wconf 84' lang='lat' dir='ltr'>se-</span> 
     </span>
     <span class='ocr_line' id='line_1_6' title="bbox 391 1163 1505 1264; baseline 0.002 -28"><span class='ocrx_word' id='word_1_36' title='bbox 391 1163 493 1236; x_wconf 83' lang='lat' dir='ltr'>mina</span> <span class='ocrx_word' id='word_1_37' title='bbox 520 1164 665 1237; x_wconf 85' lang='lat' dir='ltr'>collecte</span> <span class='ocrx_word' id='word_1_38' title='bbox 693 1166 952 1253; x_wconf 83' lang='lat' dir='ltr'>conduntur,</span> <span class='ocrx_word' id='word_1_39' title='bbox 993 1164 1105 1238; x_wconf 85' lang='lat' dir='ltr'>iiitom</span> <span class='ocrx_word' id='word_1_40' title='bbox 1132 1189 1272 1256; x_wconf 81' lang='lat' dir='ltr'>rursus,</span> <span class='ocrx_word' id='word_1_41' title='bbox 1312 1168 1405 1264; x_wconf 79' lang='lat' dir='ltr'>quod</span> <span class='ocrx_word' id='word_1_42' title='bbox 1427 1165 1505 1238; x_wconf 77' lang='lat' dir='ltr'>iiiii</span> 
     </span>
     <span class='ocr_line' id='line_1_7' title="bbox 387 1282 1176 1358; baseline 0.003 -2"><span class='ocrx_word' id='word_1_43' title='bbox 387 1283 528 1356; x_wconf 83' lang='lat' dir='ltr'>semine</span> <span class='ocrx_word' id='word_1_44' title='bbox 553 1283 684 1357; x_wconf 85' lang='lat' dir='ltr'>anneis</span> <span class='ocrx_word' id='word_1_45' title='bbox 708 1282 845 1358; x_wconf 86' lang='lat' dir='ltr'>uicibus</span> <span class='ocrx_word' id='word_1_46' title='bbox 871 1287 1176 1358; x_wconf 84' lang='lat' dir='ltr'>reconduntur.</span> 
     </span>
    </p>

    <p class='ocr_par' dir='ltr' id='par_1_3' title="bbox 376 1401 1573 3889">
     <span class='ocr_line' id='line_1_8' title="bbox 443 1401 1503 1504; baseline -0.002 -26"><span class='ocrx_word' id='word_1_47' title='bbox 443 1401 528 1502; x_wconf 86' lang='lat' dir='ltr'>Cap.</span> <span class='ocrx_word' id='word_1_48' title='bbox 556 1407 613 1494; x_wconf 86' lang='lat'>18,</span> <span class='ocrx_word' id='word_1_49' title='bbox 639 1407 660 1476; x_wconf 88' lang='lat'>6</span> <span class='ocrx_word' id='word_1_50' title='bbox 688 1403 726 1476; x_wconf 94' lang='lat' dir='ltr'>in</span> <span class='ocrx_word' id='word_1_51' title='bbox 755 1404 811 1477; x_wconf 89' lang='lat' dir='ltr'>his</span> <span class='ocrx_word' id='word_1_52' title='bbox 836 1404 956 1477; x_wconf 89' lang='lat' dir='ltr'>uerbis</span> <span class='ocrx_word' id='word_1_53' title='bbox 983 1403 1116 1478; x_wconf 86' lang='lat' dir='ltr'>‘omitto</span> <span class='ocrx_word' id='word_1_54' title='bbox 1143 1402 1270 1479; x_wconf 83' lang='lat' dir='ltr'>Persas</span> <span class='ocrx_word' id='word_1_55' title='bbox 1292 1407 1335 1480; x_wconf 85' lang='lat' dir='ltr'>de</span> <span class='ocrx_word' id='word_1_56' title='bbox 1358 1430 1503 1504; x_wconf 77' lang='lat' dir='ltr'>equomm</span> 
     </span>
     <span class='ocr_line' id='line_1_9' title="bbox 385 1522 1504 1624; baseline -0.001 -27"><span class='ocrx_word' id='word_1_57' title='bbox 385 1522 530 1598; x_wconf 76' lang='lat' dir='ltr'>leibnitii</span> <span class='ocrx_word' id='word_1_58' title='bbox 551 1536 765 1622; x_wconf 76' lang='lat' dir='ltr'>ceperniues</span> <span class='ocrx_word' id='word_1_59' title='bbox 783 1523 1053 1624; x_wconf 76' lang='lat' dir='ltr'><em>principatum,</em></span> <span class='ocrx_word' id='word_1_60' title='bbox 1095 1537 1126 1598; x_wconf 87' lang='lat' dir='ltr'>et</span> <span class='ocrx_word' id='word_1_61' title='bbox 1162 1523 1408 1599; x_wconf 77' lang='lat' dir='ltr'>Thebanorum</span> <span class='ocrx_word' id='word_1_62' title='bbox 1434 1549 1504 1623; x_wconf 87' lang='lat' dir='ltr'>per·</span> 
     </span>
     <span class='ocr_line' id='line_1_10' title="bbox 388 1636 1504 1742; baseline -0.002 -25"><span class='ocrx_word' id='word_1_63' title='bbox 388 1657 567 1720; x_wconf 81' lang='lat' dir='ltr'>mortuom</span> <span class='ocrx_word' id='word_1_64' title='bbox 593 1643 761 1742; x_wconf 80' lang='lat' dir='ltr'>subulam</span> <span class='ocrx_word' id='word_1_65' title='bbox 796 1636 945 1720; x_wconf 84' lang='lat' dir='ltr'>transeo&#39;</span> <span class='ocrx_word' id='word_1_66' title='bbox 987 1644 1192 1718; x_wconf 83' lang='lat' dir='ltr'>emendatio</span> <span class='ocrx_word' id='word_1_67' title='bbox 1220 1645 1371 1718; x_wconf 90' lang='lat' dir='ltr'>Meursii</span> <span class='ocrx_word' id='word_1_68' title='bbox 1398 1657 1432 1718; x_wconf 89' lang='lat' dir='ltr'>et</span> <span class='ocrx_word' id='word_1_69' title='bbox 1456 1643 1504 1717; x_wconf 86' lang='lat' dir='ltr'>Ri-</span> 
     </span>
     <span class='ocr_line' id='line_1_11' title="bbox 386 1758 1504 1865; baseline -0.001 -28"><span class='ocrx_word' id='word_1_70' title='bbox 386 1764 507 1863; x_wconf 72' lang='lat' dir='ltr'>genii,</span> <span class='ocrx_word' id='word_1_71' title='bbox 551 1792 659 1864; x_wconf 90' lang='lat' dir='ltr'>quam</span> <span class='ocrx_word' id='word_1_72' title='bbox 699 1793 765 1840; x_wconf 92' lang='lat' dir='ltr'>nos</span> <span class='ocrx_word' id='word_1_73' title='bbox 794 1791 940 1865; x_wconf 91' lang='lat' dir='ltr'>quoque</span> <span class='ocrx_word' id='word_1_74' title='bbox 968 1765 1081 1840; x_wconf 88' lang='lat' dir='ltr'>secuti</span> <span class='ocrx_word' id='word_1_75' title='bbox 1110 1791 1235 1840; x_wconf 87' lang='lat' dir='ltr'>sumus</span> <span class='ocrx_word' id='word_1_76' title='bbox 1261 1758 1504 1840; x_wconf 81' lang='lat' dir='ltr'>‘Tliebmiornm</span> 
     </span>
     <span class='ocr_line' id='line_1_12' title="bbox 378 1878 1504 1986; baseline -0.003 -27"><span class='ocrx_word' id='word_1_77' title='bbox 378 1911 473 1984; x_wconf 81' lang='lat' dir='ltr'>por,</span> <span class='ocrx_word' id='word_1_78' title='bbox 507 1900 685 1961; x_wconf 83' lang='lat' dir='ltr'>mortuam</span> <span class='ocrx_word' id='word_1_79' title='bbox 698 1878 873 1984; x_wconf 74' lang='lat' dir='ltr'>febrilem&#39;</span> <span class='ocrx_word' id='word_1_80' title='bbox 915 1886 959 1959; x_wconf 86' lang='lat' dir='ltr'>ab</span> <span class='ocrx_word' id='word_1_81' title='bbox 987 1885 1156 1960; x_wconf 90' lang='lat' dir='ltr'>omnibus</span> <span class='ocrx_word' id='word_1_82' title='bbox 1183 1887 1259 1960; x_wconf 88' lang='lat' dir='ltr'>fere</span> <span class='ocrx_word' id='word_1_83' title='bbox 1284 1898 1428 1986; x_wconf 86' lang='lat' dir='ltr'>recepta</span> <span class='ocrx_word' id='word_1_84' title='bbox 1453 1895 1504 1974; x_wconf 75' lang='lat' dir='ltr'>est,</span> 
     </span>
     <span class='ocr_line' id='line_1_13' title="bbox 387 2005 1504 2107; baseline -0.003 -28"><span class='ocrx_word' id='word_1_85' title='bbox 387 2007 500 2105; x_wconf 85' lang='lat' dir='ltr'>petita</span> <span class='ocrx_word' id='word_1_86' title='bbox 527 2007 586 2080; x_wconf 91' lang='lat' dir='ltr'>illa</span> <span class='ocrx_word' id='word_1_87' title='bbox 608 2033 656 2080; x_wconf 85' lang='lat' dir='ltr'>cx</span> <span class='ocrx_word' id='word_1_88' title='bbox 680 2007 854 2107; x_wconf 80' lang='lat' dir='ltr'>Cypriani</span> <span class='ocrx_word' id='word_1_89' title='bbox 882 2005 975 2080; x_wconf 92' lang='lat' dir='ltr'>libro</span> <span class='ocrx_word' id='word_1_90' title='bbox 1004 2008 1048 2080; x_wconf 92' lang='lat' dir='ltr'>de</span> <span class='ocrx_word' id='word_1_91' title='bbox 1076 2005 1160 2080; x_wconf 91' lang='lat' dir='ltr'>idol.</span> <span class='ocrx_word' id='word_1_92' title='bbox 1190 2005 1301 2080; x_wconf 90' lang='lat' dir='ltr'>uanit.</span> <span class='ocrx_word' id='word_1_93' title='bbox 1330 2011 1366 2097; x_wconf 81' lang='lat'>5,</span> <span class='ocrx_word' id='word_1_94' title='bbox 1392 2010 1431 2096; x_wconf 82' lang='lat' dir='ltr'>i,</span> <span class='ocrx_word' id='word_1_95' title='bbox 1456 2005 1504 2102; x_wconf 91' lang='lat' dir='ltr'>qui</span> 
     </span>
     <span class='ocr_line' id='line_1_14' title="bbox 384 2125 1502 2226; baseline 0 -28"><span class='ocrx_word' id='word_1_96' title='bbox 384 2128 660 2201; x_wconf 80' lang='lat' dir='ltr'>antecedentem</span> <span class='ocrx_word' id='word_1_97' title='bbox 689 2153 838 2226; x_wconf 91' lang='lat' dir='ltr'>quoque</span> <span class='ocrx_word' id='word_1_98' title='bbox 866 2127 1080 2201; x_wconf 84' lang='lat' dir='ltr'>sententiam</span> <span class='ocrx_word' id='word_1_99' title='bbox 1109 2127 1183 2200; x_wconf 88' lang='lat' dir='ltr'>fere</span> <span class='ocrx_word' id='word_1_100' title='bbox 1210 2127 1255 2199; x_wconf 88' lang='lat' dir='ltr'>ad</span> <span class='ocrx_word' id='word_1_101' title='bbox 1285 2125 1435 2200; x_wconf 90' lang='lat' dir='ltr'>uerbum</span> <span class='ocrx_word' id='word_1_102' title='bbox 1459 2149 1502 2199; x_wconf 90' lang='lat' dir='ltr'>re·</span> 
     </span>
     <span class='ocr_line' id='line_1_15' title="bbox 385 2244 1504 2346; baseline -0.002 -27"><span class='ocrx_word' id='word_1_103' title='bbox 385 2248 503 2346; x_wconf 87' lang='lat' dir='ltr'>petiit.</span> <span class='ocrx_word' id='word_1_104' title='bbox 545 2273 642 2322; x_wconf 89' lang='lat' dir='ltr'>nune</span> <span class='ocrx_word' id='word_1_105' title='bbox 669 2261 789 2321; x_wconf 87' lang='lat' dir='ltr'>tamen</span> <span class='ocrx_word' id='word_1_106' title='bbox 817 2273 875 2320; x_wconf 90' lang='lat' dir='ltr'>me</span> <span class='ocrx_word' id='word_1_107' title='bbox 903 2259 1028 2320; x_wconf 91' lang='lat' dir='ltr'>monet</span> <span class='ocrx_word' id='word_1_108' title='bbox 1058 2245 1272 2338; x_wconf 84' lang='lat' dir='ltr'>Vahlenius‚</span> <span class='ocrx_word' id='word_1_109' title='bbox 1317 2244 1504 2322; x_wconf 83' lang='lat' dir='ltr'>uetustissi·</span> 
     </span>
     <span class='ocr_line' id='line_1_16' title="bbox 383 2347 1573 2467; baseline -0.002 -27"><span class='ocrx_word' id='word_1_110' title='bbox 383 2393 484 2440; x_wconf 91' lang='lat' dir='ltr'>mum</span> <span class='ocrx_word' id='word_1_111' title='bbox 513 2368 675 2442; x_wconf 77' lang='lat' dir='ltr'>codicem</span> <span class='ocrx_word' id='word_1_112' title='bbox 706 2367 955 2442; x_wconf 90' lang='lat' dir='ltr'>Veronenscm</span> <span class='ocrx_word' id='word_1_113' title='bbox 992 2392 1088 2440; x_wconf 91' lang='lat' dir='ltr'>nuno</span> <span class='ocrx_word' id='word_1_114' title='bbox 1116 2366 1347 2467; x_wconf 91' lang='lat' dir='ltr'>deperditum</span> <span class='ocrx_word' id='word_1_115' title='bbox 1376 2371 1412 2441; x_wconf 92' lang='lat' dir='ltr'>in</span> <span class='ocrx_word' id='word_1_116' title='bbox 1440 2369 1504 2440; x_wconf 89' lang='lat' dir='ltr'>loco</span> <span class='ocrx_word' id='word_1_117' title='bbox 1572 2347 1573 2382; x_wconf 47' lang='lat' dir='ltr'>l</span> 
     </span>
     <span class='ocr_line' id='line_1_17' title="bbox 384 2480 1573 2622; baseline 0.001 -62"><span class='ocrx_word' id='word_1_118' title='bbox 384 2484 562 2586; x_wconf 86' lang='lat' dir='ltr'>Cypriani</span> <span class='ocrx_word' id='word_1_119' title='bbox 589 2515 662 2562; x_wconf 92' lang='lat' dir='ltr'>non</span> <span class='ocrx_word' id='word_1_120' title='bbox 691 2487 823 2562; x_wconf 86' lang='lat' dir='ltr'>habere</span> <span class='ocrx_word' id='word_1_121' title='bbox 850 2488 1040 2562; x_wconf 86' lang='lat' dir='ltr'>lectionem</span> <span class='ocrx_word' id='word_1_122' title='bbox 1083 2480 1346 2562; x_wconf 76' lang='lat' dir='ltr'>‘Thebanorum</span> <span class='ocrx_word' id='word_1_123' title='bbox 1381 2513 1504 2588; x_wconf 79' lang='lat' dir='ltr'>perme-</span> <span class='ocrx_word' id='word_1_124' title='bbox 1572 2529 1573 2622; x_wconf 39' lang='lat' dir='ltr'><em>p</em></span> 
     </span>
     <span class='ocr_line' id='line_1_18' title="bbox 386 2596 1573 2708; baseline 0.001 -28"><span class='ocrx_word' id='word_1_125' title='bbox 386 2607 483 2682; x_wconf 79' lang='lat' dir='ltr'>nilus</span> <span class='ocrx_word' id='word_1_126' title='bbox 503 2599 618 2708; x_wconf 80' lang='lat' dir='ltr'>miptu&#39;</span> <span class='ocrx_word' id='word_1_127' title='bbox 647 2610 709 2682; x_wconf 88' lang='lat' dir='ltr'>sed</span> <span class='ocrx_word' id='word_1_128' title='bbox 735 2596 999 2684; x_wconf 75' lang='lat' dir='ltr'>‘Thebanorum</span> <span class='ocrx_word' id='word_1_129' title='bbox 1020 2609 1183 2708; x_wconf 73' lang='lat' dir='ltr'>sentium</span> <span class='ocrx_word' id='word_1_130' title='bbox 1203 2634 1365 2708; x_wconf 78' lang='lat' dir='ltr'>permen.</span> <span class='ocrx_word' id='word_1_131' title='bbox 1394 2607 1504 2708; x_wconf 77' lang='lat' dir='ltr'>mpto&#39;,</span> <span class='ocrx_word' id='word_1_132' title='bbox 1572 2633 1573 2704; x_wconf 68' lang='lat' dir='ltr'>i</span> 
     </span>
     <span class='ocr_line' id='line_1_19' title="bbox 388 2705 1573 2829; baseline 0.001 -30"><span class='ocrx_word' id='word_1_133' title='bbox 388 2728 484 2801; x_wconf 91' lang='lat' dir='ltr'>unde</span> <span class='ocrx_word' id='word_1_134' title='bbox 511 2727 709 2803; x_wconf 88' lang='lat' dir='ltr'>Vahlenius</span> <span class='ocrx_word' id='word_1_135' title='bbox 737 2731 815 2829; x_wconf 87' lang='lat' dir='ltr'>ipse</span> <span class='ocrx_word' id='word_1_136' title='bbox 842 2730 939 2804; x_wconf 89' lang='lat' dir='ltr'>haud</span> <span class='ocrx_word' id='word_1_137' title='bbox 966 2729 1254 2828; x_wconf 77' lang='lat' dir='ltr'>improbabiliter</span> <span class='ocrx_word' id='word_1_138' title='bbox 1281 2731 1440 2813; x_wconf 88' lang='lat' dir='ltr'>coniecit</span> <span class='ocrx_word' id='word_1_139' title='bbox 1463 2727 1505 2801; x_wconf 94' lang='lat' dir='ltr'>lo·</span> <span class='ocrx_word' id='word_1_140' title='bbox 1572 2705 1573 2790; x_wconf 87' lang='lat' dir='ltr'>l</span> 
     </span>
     <span class='ocr_line' id='line_1_20' title="bbox 384 2848 1505 2951; baseline -0.001 -28"><span class='ocrx_word' id='word_1_141' title='bbox 384 2874 469 2923; x_wconf 90' lang='lat' dir='ltr'>cum</span> <span class='ocrx_word' id='word_1_142' title='bbox 497 2849 646 2924; x_wconf 90' lang='lat' dir='ltr'>Minucii</span> <span class='ocrx_word' id='word_1_143' title='bbox 674 2850 726 2925; x_wconf 89' lang='lat' dir='ltr'>sic</span> <span class='ocrx_word' id='word_1_144' title='bbox 760 2849 883 2951; x_wconf 91' lang='lat' dir='ltr'>potius</span> <span class='ocrx_word' id='word_1_145' title='bbox 918 2851 1175 2949; x_wconf 84' lang='lat' dir='ltr'>corrigendum</span> <span class='ocrx_word' id='word_1_146' title='bbox 1209 2851 1345 2924; x_wconf 85' lang='lat' dir='ltr'>uideri:</span> <span class='ocrx_word' id='word_1_147' title='bbox 1385 2848 1505 2924; x_wconf 74' lang='lat' dir='ltr'>Tbelo</span> 
     </span>
     <span class='ocr_line' id='line_1_21' title="bbox 381 2969 1506 3068; baseline -0.002 -24"><span class='ocrx_word' id='word_1_148' title='bbox 381 2995 511 3045; x_wconf 83' lang='lat' dir='ltr'>norum</span> <span class='ocrx_word' id='word_1_149' title='bbox 524 2972 688 3068; x_wconf 81' lang='lat' dir='ltr'>fratrem</span> <span class='ocrx_word' id='word_1_150' title='bbox 710 2973 978 3046; x_wconf 76' lang='lat' dir='ltr'>intermortuam</span> <span class='ocrx_word' id='word_1_151' title='bbox 998 2970 1175 3068; x_wconf 83' lang='lat' dir='ltr'>fabulum.</span> <span class='ocrx_word' id='word_1_152' title='bbox 1218 2969 1294 3044; x_wconf 89' lang='lat' dir='ltr'>Neo</span> <span class='ocrx_word' id='word_1_153' title='bbox 1334 2995 1416 3044; x_wconf 87' lang='lat' dir='ltr'>eam</span> <span class='ocrx_word' id='word_1_154' title='bbox 1448 2971 1506 3043; x_wconf 89' lang='lat' dir='ltr'>lec·</span> 
     </span>
     <span class='ocr_line' id='line_1_22' title="bbox 381 3089 1573 3191; baseline 0.001 -26"><span class='ocrx_word' id='word_1_155' title='bbox 381 3091 520 3165; x_wconf 89' lang='lat' dir='ltr'>tionem</span> <span class='ocrx_word' id='word_1_156' title='bbox 543 3091 639 3166; x_wconf 88' lang='lat' dir='ltr'>idem</span> <span class='ocrx_word' id='word_1_157' title='bbox 663 3093 780 3166; x_wconf 88' lang='lat' dir='ltr'>codex</span> <span class='ocrx_word' id='word_1_158' title='bbox 796 3091 1021 3165; x_wconf 84' lang='lat' dir='ltr'>Veronensis</span> <span class='ocrx_word' id='word_1_159' title='bbox 1044 3092 1081 3164; x_wconf 91' lang='lat' dir='ltr'>in</span> <span class='ocrx_word' id='word_1_160' title='bbox 1098 3089 1205 3191; x_wconf 84' lang='lat' dir='ltr'>Cypr.</span> <span class='ocrx_word' id='word_1_161' title='bbox 1229 3090 1251 3164; x_wconf 90' lang='lat' dir='ltr'>l.</span> <span class='ocrx_word' id='word_1_162' title='bbox 1272 3115 1300 3163; x_wconf 91' lang='lat' dir='ltr'>c.</span> <span class='ocrx_word' id='word_1_163' title='bbox 1321 3093 1357 3182; x_wconf 79' lang='lat'>2,</span> <span class='ocrx_word' id='word_1_164' title='bbox 1384 3095 1406 3165; x_wconf 78' lang='lat'><strong>2</strong></span> <span class='ocrx_word' id='word_1_165' title='bbox 1429 3113 1506 3190; x_wconf 85' lang='lat' dir='ltr'>quae</span> <span class='ocrx_word' id='word_1_166' title='bbox 1572 3141 1573 3166; x_wconf 57' lang='lat' dir='ltr'>i</span> 
     </span>
     <span class='ocr_line' id='line_1_23' title="bbox 382 3207 1509 3310; baseline -0.003 -26"><span class='ocrx_word' id='word_1_167' title='bbox 382 3211 418 3285; x_wconf 94' lang='lat' dir='ltr'>in</span> <span class='ocrx_word' id='word_1_168' title='bbox 447 3212 668 3287; x_wconf 87' lang='lat' dir='ltr'>editionibus</span> <span class='ocrx_word' id='word_1_169' title='bbox 695 3225 816 3286; x_wconf 87' lang='lat' dir='ltr'>exstat</span> <span class='ocrx_word' id='word_1_170' title='bbox 844 3210 952 3286; x_wconf 87' lang='lat' dir='ltr'>habet</span> <span class='ocrx_word' id='word_1_171' title='bbox 977 3207 1190 3286; x_wconf 74' lang='lat' dir='ltr'>‘Alesiondcr</span> <span class='ocrx_word' id='word_1_172' title='bbox 1207 3210 1367 3309; x_wconf 80' lang='lat' dir='ltr'>Mupiiiis</span> <span class='ocrx_word' id='word_1_173' title='bbox 1385 3207 1509 3310; x_wconf 76' lang='lat' dir='ltr'>iiiii&#39;pni</span> 
     </span>
     <span class='ocr_line' id='line_1_24' title="bbox 381 3324 1573 3430; baseline -0.002 -24"><span class='ocrx_word' id='word_1_174' title='bbox 381 3334 558 3408; x_wconf 84' lang='lat' dir='ltr'>uolumine</span> <span class='ocrx_word' id='word_1_175' title='bbox 581 3337 631 3408; x_wconf 86' lang='lat' dir='ltr'>od</span> <span class='ocrx_word' id='word_1_176' title='bbox 651 3347 799 3408; x_wconf 82' lang='lat' dir='ltr'>matrem</span> <span class='ocrx_word' id='word_1_177' title='bbox 820 3358 923 3408; x_wconf 85' lang='lat' dir='ltr'>suom</span> <span class='ocrx_word' id='word_1_178' title='bbox 940 3325 1080 3424; x_wconf 78' lang='lat' dir='ltr'>seribii,</span> <span class='ocrx_word' id='word_1_179' title='bbox 1103 3332 1167 3405; x_wconf 91' lang='lat' dir='ltr'>sed</span> <span class='ocrx_word' id='word_1_180' title='bbox 1186 3324 1402 3406; x_wconf 73' lang='lat' dir='ltr'>‘Alexander</span> <span class='ocrx_word' id='word_1_181' title='bbox 1418 3357 1505 3427; x_wconf 77' lang='lat' dir='ltr'>mep-</span> <span class='ocrx_word' id='word_1_182' title='bbox 1572 3359 1573 3430; x_wconf 65' lang='lat' dir='ltr'>i</span> 
     </span>
     <span class='ocr_line' id='line_1_25' title="bbox 378 3446 1505 3553; baseline -0.006 -27"><span class='ocrx_word' id='word_1_183' title='bbox 378 3477 447 3526; x_wconf 82' lang='lat' dir='ltr'>iius</span> <span class='ocrx_word' id='word_1_184' title='bbox 482 3452 634 3529; x_wconf 82' lang='lat' dir='ltr'>Macedo</span> <span class='ocrx_word' id='word_1_185' title='bbox 657 3446 732 3528; x_wconf 88' lang='lat' dir='ltr'>etc.&#39;</span> <span class='ocrx_word' id='word_1_186' title='bbox 775 3480 847 3553; x_wconf 85' lang='lat' dir='ltr'>qua</span> <span class='ocrx_word' id='word_1_187' title='bbox 887 3453 1068 3552; x_wconf 84' lang='lat' dir='ltr'>scriptura</span> <span class='ocrx_word' id='word_1_188' title='bbox 1108 3451 1179 3525; x_wconf 90' lang='lat' dir='ltr'>iam</span> <span class='ocrx_word' id='word_1_189' title='bbox 1219 3450 1321 3524; x_wconf 89' lang='lat' dir='ltr'>locus</span> <span class='ocrx_word' id='word_1_190' title='bbox 1363 3447 1505 3526; x_wconf 90' lang='lat' dir='ltr'>Minucii</span> 
     </span>
     <span class='ocr_line' id='line_1_26' title="bbox 376 3570 1506 3672; baseline -0.005 -27"><span class='ocrx_word' id='word_1_191' title='bbox 376 3598 409 3646; x_wconf 85' lang='lat' dir='ltr'>e.</span> <span class='ocrx_word' id='word_1_192' title='bbox 435 3577 495 3661; x_wconf 77' lang='lat'>21,</span> <span class='ocrx_word' id='word_1_193' title='bbox 520 3575 542 3646; x_wconf 85' lang='lat'><strong>3</strong></span> <span class='ocrx_word' id='word_1_194' title='bbox 571 3577 622 3672; x_wconf 87' lang='lat' dir='ltr'>(p.</span> <span class='ocrx_word' id='word_1_195' title='bbox 643 3577 703 3665; x_wconf 75' lang='lat'>29,</span> <span class='ocrx_word' id='word_1_196' title='bbox 731 3577 794 3672; x_wconf 87' lang='lat'>18)</span> <span class='ocrx_word' id='word_1_197' title='bbox 830 3573 1062 3672; x_wconf 83' lang='lat' dir='ltr'>glossematis</span> <span class='ocrx_word' id='word_1_198' title='bbox 1098 3570 1302 3670; x_wconf 87' lang='lat' dir='ltr'>suspicione</span> <span class='ocrx_word' id='word_1_199' title='bbox 1338 3571 1506 3646; x_wconf 86' lang='lat' dir='ltr'>liberatur</span> 
     </span>
     <span class='ocr_line' id='line_1_27' title="bbox 376 3691 1573 3806; baseline -0.004 -41"><span class='ocrx_word' id='word_1_200' title='bbox 376 3702 417 3766; x_wconf 91' lang='lat' dir='ltr'>et</span> <span class='ocrx_word' id='word_1_201' title='bbox 443 3691 492 3766; x_wconf 92' lang='lat' dir='ltr'>ibi</span> <span class='ocrx_word' id='word_1_202' title='bbox 520 3719 664 3792; x_wconf 91' lang='lat' dir='ltr'>quoque</span> <span class='ocrx_word' id='word_1_203' title='bbox 700 3693 806 3768; x_wconf 89' lang='lat' dir='ltr'>lectio</span> <span class='ocrx_word' id='word_1_204' title='bbox 843 3693 1043 3768; x_wconf 74' lang='lat' dir='ltr'>Alemondcr</span> <span class='ocrx_word' id='word_1_205' title='bbox 1079 3692 1136 3766; x_wconf 89' lang='lat' dir='ltr'>ille</span> <span class='ocrx_word' id='word_1_206' title='bbox 1173 3717 1322 3790; x_wconf 78' lang='lat' dir='ltr'>mepniis</span> <span class='ocrx_word' id='word_1_207' title='bbox 1361 3691 1505 3766; x_wconf 63' lang='lat' dir='ltr'>illeocdo</span> <span class='ocrx_word' id='word_1_208' title='bbox 1572 3729 1573 3806; x_wconf 54' lang='lat' dir='ltr'>i</span> 
     </span>
     <span class='ocr_line' id='line_1_28' title="bbox 378 3809 1573 3889; baseline -0.006 0"><span class='ocrx_word' id='word_1_209' title='bbox 378 3816 584 3889; x_wconf 89' lang='lat' dir='ltr'>reducenda</span> <span class='ocrx_word' id='word_1_210' title='bbox 606 3827 671 3888; x_wconf 85' lang='lat' dir='ltr'>est.</span> <span class='ocrx_word' id='word_1_211' title='bbox 1572 3809 1573 3872; x_wconf 85' lang='lat' dir='ltr'>l</span> 
     </span>
    </p>

    <p class='ocr_par' dir='ltr' id='par_1_4' title="bbox 371 3917 1573 4524">
     <span class='ocr_line' id='line_1_29' title="bbox 429 3933 1504 4037; baseline -0.004 -26"><span class='ocrx_word' id='word_1_212' title='bbox 429 3938 513 4037; x_wconf 81' lang='lat' dir='ltr'>Gap.</span> <span class='ocrx_word' id='word_1_213' title='bbox 543 3939 599 4028; x_wconf 82' lang='lat'>19,</span> <span class='ocrx_word' id='word_1_214' title='bbox 625 3939 645 4009; x_wconf 89' lang='grc'>9</span> <span class='ocrx_word' id='word_1_215' title='bbox 675 3935 762 4009; x_wconf 87' lang='lat' dir='ltr'>haec</span> <span class='ocrx_word' id='word_1_216' title='bbox 789 3936 961 4034; x_wconf 89' lang='lat' dir='ltr'>leguntur</span> <span class='ocrx_word' id='word_1_217' title='bbox 988 3935 1024 4008; x_wconf 94' lang='lat' dir='ltr'>in</span> <span class='ocrx_word' id='word_1_218' title='bbox 1053 3935 1194 4008; x_wconf 90' lang='lat' dir='ltr'>codice:</span> <span class='ocrx_word' id='word_1_219' title='bbox 1223 3933 1427 4010; x_wconf 71' lang='lat' dir='ltr'>Aristoteles</span> <span class='ocrx_word' id='word_1_220' title='bbox 1447 3961 1504 4008; x_wconf 86' lang='lat' dir='ltr'>im-</span> 
     </span>
     <span class='ocr_line' id='line_1_30' title="bbox 374 4054 1506 4156; baseline -0.003 -27"><span class='ocrx_word' id='word_1_221' title='bbox 374 4057 448 4131; x_wconf 82' lang='lat' dir='ltr'>riet</span> <span class='ocrx_word' id='word_1_222' title='bbox 470 4071 501 4132; x_wconf 86' lang='lat' dir='ltr'>et</span> <span class='ocrx_word' id='word_1_223' title='bbox 524 4059 689 4156; x_wconf 81' lang='lat' dir='ltr'>edsipiiot</span> <span class='ocrx_word' id='word_1_224' title='bbox 725 4070 842 4131; x_wconf 84' lang='lat' dir='ltr'>tumen</span> <span class='ocrx_word' id='word_1_225' title='bbox 876 4083 985 4130; x_wconf 81' lang='lat' dir='ltr'>unam</span> <span class='ocrx_word' id='word_1_226' title='bbox 1006 4067 1235 4154; x_wconf 80' lang='lat' dir='ltr'>potestatem:</span> <span class='ocrx_word' id='word_1_227' title='bbox 1261 4080 1347 4128; x_wconf 86' lang='lat' dir='ltr'>riom</span> <span class='ocrx_word' id='word_1_228' title='bbox 1371 4054 1506 4129; x_wconf 83' lang='lat' dir='ltr'>interim</span> 
     </span>
     <span class='ocr_line' id='line_1_31' title="bbox 375 4165 1573 4268; baseline -0.003 -16"><span class='ocrx_word' id='word_1_229' title='bbox 375 4190 542 4268; x_wconf 81' lang='lat' dir='ltr'>men-tem,</span> <span class='ocrx_word' id='word_1_230' title='bbox 586 4179 757 4252; x_wconf 75' lang='lat' dir='ltr'>meridiem</span> <span class='ocrx_word' id='word_1_231' title='bbox 785 4178 926 4250; x_wconf 86' lang='lat' dir='ltr'>interim</span> <span class='ocrx_word' id='word_1_232' title='bbox 958 4179 1060 4250; x_wconf 81' lang='lat' dir='ltr'>desim</span> <span class='ocrx_word' id='word_1_233' title='bbox 1083 4175 1185 4267; x_wconf 83' lang='lat' dir='ltr'>dicit,</span> <span class='ocrx_word' id='word_1_234' title='bbox 1213 4175 1355 4250; x_wconf 77' lang='lat' dir='ltr'>interim</span> <span class='ocrx_word' id='word_1_235' title='bbox 1379 4177 1505 4250; x_wconf 80' lang='lat' dir='ltr'>mundo</span> <span class='ocrx_word' id='word_1_236' title='bbox 1572 4165 1573 4248; x_wconf 88' lang='lat' dir='ltr'>l</span> 
     </span>
     <span class='ocr_line' id='line_1_32' title="bbox 373 4293 1573 4397; baseline -0.004 -25"><span class='ocrx_word' id='word_1_237' title='bbox 373 4301 479 4372; x_wconf 80' lang='lat' dir='ltr'>desim</span> <span class='ocrx_word' id='word_1_238' title='bbox 493 4297 669 4397; x_wconf 81' lang='lat' dir='ltr'>praeficit.</span> <span class='ocrx_word' id='word_1_239' title='bbox 697 4297 780 4371; x_wconf 88' lang='lat' dir='ltr'>Ari</span> <span class='ocrx_word' id='word_1_240' title='bbox 788 4298 875 4372; x_wconf 87' lang='lat' dir='ltr'>stol</span> <span class='ocrx_word' id='word_1_241' title='bbox 883 4323 922 4372; x_wconf 84' lang='lat' dir='ltr'>es</span> <span class='ocrx_word' id='word_1_242' title='bbox 946 4297 1028 4397; x_wconf 84' lang='lat' dir='ltr'>[pro</span> <span class='ocrx_word' id='word_1_243' title='bbox 1051 4295 1251 4371; x_wconf 72' lang='lat' dir='ltr'>Aristoteles</span> <span class='ocrx_word' id='word_1_244' title='bbox 1279 4319 1325 4368; x_wconf 91' lang='lat' dir='ltr'>an</span> <span class='ocrx_word' id='word_1_245' title='bbox 1348 4323 1420 4396; x_wconf 92' lang='lat' dir='ltr'>pro</span> <span class='ocrx_word' id='word_1_246' title='bbox 1444 4293 1506 4368; x_wconf 89' lang='lat' dir='ltr'>He·</span> <span class='ocrx_word' id='word_1_247' title='bbox 1572 4343 1573 4382; x_wconf 24' lang='grc' dir='ltr'>ᾗ</span> 
     </span>
     <span class='ocr_line' id='line_1_33' title="bbox 371 4416 1507 4518; baseline -0.003 -26"><span class='ocrx_word' id='word_1_248' title='bbox 371 4419 570 4518; x_wconf 78' lang='lat' dir='ltr'>rocli&#39;desl]</span> <span class='ocrx_word' id='word_1_249' title='bbox 599 4419 815 4518; x_wconf 84' lang='lat' dir='ltr'>ponticus</span> <span class='ocrx_word' id='word_1_250' title='bbox 853 4417 1007 4491; x_wconf 81' lang='lat' dir='ltr'>eeri&#39;et</span> <span class='ocrx_word' id='word_1_251' title='bbox 1047 4419 1164 4492; x_wconf 84' lang='lat' dir='ltr'>alius</span> <span class='ocrx_word' id='word_1_252' title='bbox 1202 4418 1361 4491; x_wconf 81' lang='lat' dir='ltr'>mundo</span> <span class='ocrx_word' id='word_1_253' title='bbox 1400 4416 1507 4492; x_wconf 85' lang='lat' dir='ltr'>alios</span> 
     </span>
    </p>

    <p class='ocr_par' dir='ltr' id='par_1_5' title="bbox 1572 4527 1573 4578">
     <span class='ocr_line' id='line_1_34' title="bbox 1572 4527 1573 4578; baseline 0 0"><span class='ocrx_word' id='word_1_254' title='bbox 1572 4527 1573 4578; x_wconf 81' lang='lat' dir='ltr'>i</span> 
     </span>
    </p>
   </div>
   <div class='ocr_carea' id='block_1_3' title="bbox 0 0 1654 5142">
    <p class='ocr_par' dir='ltr' id='par_1_6' title="bbox 0 0 1654 5142">
     <span class='ocr_line' id='line_1_35' title="bbox 0 0 1654 5142; baseline 0 0"><span class='ocrx_word' id='word_1_255' title='bbox 0 0 1654 5142; x_wconf 95' lang='lat' dir='ltr'> </span> 
     </span>
    </p>
   </div>
  </div>
 </body>
</html>
