3300 5142
623 529 740 588 Chron.
759 528 794 590 Π,
813 526 934 583 46-49.
1277 516 1338 580 101

217 684 402 750 arbitrantes
418 705 505 769 posse
520 687 600 753 iuter
620 686 711 750 initia
730 684 849 748 malum
864 679 1042 763 comprimi:
1065 675 1118 740 eei
1131 691 1242 755 parum
1256 669 1339 735 sanis

217 787 352 851 consiliis
367 791 536 854 saeculares
551 790 666 853 iudices
682 788 812 863 adeunt,
835 786 872 849 ut
891 800 997 848 eorum
1019 777 1149 843 decretis
1163 778 1256 856 atque
1270 790 1339 837 exe-

217 889 390 956 cutionibus
419 892 565 956 haeretici
594 891 721 956 urbibus
750 888 945 972 pellerentur.
969 884 1067 965 igitur
1091 881 1162 963 post
1185 876 1286 941 multa
1308 875 1367 939 ees

217 989 306 1058 foeda
320 995 489 1058 certamina
504 995 619 1059 Ydacio
634 993 826 1076 supplicante
841 990 964 1055 elicitur
984 1007 1003 1051 a
1022 984 1169 1049 Gratiano
1189 983 1259 1044 tum
1277 979 1339 1041 im·

195 1097 355 1177 speratae
370 1097 572 1179 rescriptum,
589 1115 648 1178 quo
663 1095 798 1160 uniuersi
813 1090 961 1156 haeretici
975 1086 1116 1152 excedere
1129 1101 1190 1148 non
1204 1077 1340 1145 ecclesiis

217 1199 341 1262 tantum
356 1200 412 1262 aut
425 1197 567 1275 urbibus,
595 1198 648 1263 sed
669 1200 754 1261 extra
769 1213 874 1259 omnes
889 1196 987 1257 terras
1001 1186 1130 1273 propelli
1144 1183 1337 1248 iubebantur.

217 1315 276 1379 quo
292 1302 445 1381 comperto
457 1298 596 1364 Gnostici
611 1297 707 1364 diffisi
721 1297 811 1362 rebus
827 1296 906 1374 suis,
927 1313 987 1359 nou
1002 1291 1070 1356 ausi
1083 1287 1197 1354 iudicio
1212 1285 1366 1359 certarat

218 1402 324 1482 sponte
339 1419 468 1476 cessere,
492 1402 544 1482 qui
565 1401 698 1484 episcopi
715 1400 915 1464 uidebantur:
938 1398 1054 1461 ceteros
1067 1394 1169 1456 metus
1184 1385 1338 1470 dispersit.

260 1502 307 1567 Ac
321 1505 390 1568 tum
406 1503 594 1580 Instantius,
629 1502 791 1568 Saluianus
817 1504 849 1565 et
874 1498 1088 1564 Priscillianus
1112 1494 1243 1558 Romam
1269 1502 1389 1570 pro-48

182 1624 208 1663 ιο
217 1602 305 1682 fati,
321 1607 358 1670 ut
372 1606 453 1688 apud
469 1606 655 1684 Damasum,
671 1606 756 1671 urbis
771 1623 806 1669 ea
818 1604 1003 1685 tempestate
1015 1599 1204 1681 episcopum,
1221 1591 1341 1658 obiecta

217 1710 392 1790 purgarent.
417 1709 470 1773 sed
484 1709 544 1772 iter
558 1709 602 1773 eis
617 1711 738 1791 praeter
752 1707 929 1772 interiorem
946 1701 1165 1785 Aquitanicam
1185 1696 1262 1772 fnit,
1285 1693 1368 1762 abia

216 1811 286 1874 tum
312 1811 350 1874 ab
375 1811 528 1893 imperitis
554 1810 715 1894 magnifice
741 1805 875 1892 suscepti
900 1824 1038 1890 sparsere
1054 1802 1198 1887 perfidiae
1212 1797 1337 1862 semina.

218 1913 410 1995 maximeque
425 1913 593 1978 Elusanam
613 1912 749 1997 plebem,
773 1931 845 1977 sane
860 1914 928 1976 tum
943 1910 1055 1975 bonam
1070 1910 1102 1971 et
1116 1902 1258 1987 religioni
1272 1902 1339 1965 stu·

218 2015 356 2092 dentem,
389 2017 494 2098 prauis
523 2015 801 2098 praedicationibus
830 2016 1011 2097 peruertere.
1042 2031 1060 2075 a
1088 2006 1258 2090 Burdigala
1285 2023 1340 2088 per

182 2137 207 2176 rs
216 2117 373 2182 Delfinum
384 2118 513 2202 repulsi,
529 2121 633 2183 tamen
648 2119 680 2182 in
695 2137 769 2201 agro
783 2116 967 2181 Euchrotiae
983 2112 1202 2194 aliquantisper
1217 2110 1339 2185 morati,

216 2219 346 2284 infecere
370 2220 529 2287 nonnullos
561 2221 623 2284 suis
654 2219 814 2284 erroribus.
844 2219 915 2283 inde
942 2219 1003 2282 iter
1030 2216 1172 2296 coeptum
1200 2212 1368 2294 ingrossata

218 2323 303 2406 turpi
329 2343 400 2388 sane
425 2324 661 2406 pudibundoque
687 2323 852 2400 comitatu,
876 2340 946 2385 cum
965 2317 1110 2383 uxoribus
1125 2318 1217 2396 atque
1231 2313 1340 2378 alienis

217 2425 313 2490 etiam
329 2421 467 2504 feminis,
490 2427 522 2490 in
548 2426 615 2508 quis
642 2425 708 2490 e'rat
732 2423 900 2490 Euchrotia
919 2443 955 2488 ac
975 2421 1040 2485 tilia
1053 2421 1119 2485 eius
1133 2417 1279 2494 Procula,
1302 2419 1340 2481 de

218 2547 277 2608 qua
302 2528 364 2593 fuit
384 2529 417 2594 in
437 2547 573 2593 sermone
594 2529 754 2593 hominum
768 2527 955 2592 Priscilliani
971 2528 1077 2606 stupro
1092 2520 1253 2607 menidam
1267 2539 1340 2602 par-

182 2632 287 2695 ietum
313 2631 373 2696 sibi
401 2632 594 2714 graminibus
622 2631 769 2715 abegisse.
793 2631 827 2694 hi
848 2630 902 2694 ubi
922 2630 1053 2693 Romam
1072 2643 1253 2709 peruenere,
1275 2621 1369 2688 Da·4

217 2751 303 2798 maso
318 2753 350 2798 se
363 2753 495 2817 purgare
510 2735 675 2816 cupientes,
691 2753 729 2798 ne
743 2734 776 2798 in
788 2735 985 2816 conspectum
996 2729 1121 2812 quidem
1132 2729 1197 2793 eius
1212 2725 1340 2804 admissi

218 2837 298 2900 eunt.
322 2837 453 2919 regressi
468 2837 677 2901 Mediolanum
698 2856 791 2918 aeque
814 2836 1028 2900 aduersantem
1055 2833 1114 2897 sibi
1140 2830 1339 2895 Ambrosium

216 2941 421 3021 reppererunt.
446 2941 514 3004 tum
536 2943 656 3004 uertere
677 2940 819 3016 consilia,
856 2942 907 3014 ut,
941 2938 1013 3019 quia
1040 2935 1158 3000 duobus
1180 2932 1368 3017 episcopis,5

218 3059 347 3121 quorum
373 3061 409 3106 ea
433 3045 618 3124 tempestate
644 3061 765 3107 summa
791 3042 959 3106 auctoritas
985 3042 1064 3115 erat,
1087 3058 1146 3102 non
1167 3038 1339 3114 illuserant,

183 3167 208 3210 a
216 3142 375 3227 largiendo
401 3147 432 3208 et
459 3144 621 3209 ambiendo
646 3145 684 3210 ab
701 3133 894 3226 'imperatore
919 3144 1024 3225 cupita
1049 3143 1270 3222 extorquerent.
1294 3141 1340 3205 ita

219 3250 360 3329 corrupto
385 3247 577 3324 Macedonio,
600 3250 669 3312 tum
695 3247 845 3330 magistro
860 3246 1045 3323 officiorum,
1074 3244 1256 3326 rescriptum
1282 3242 1339 3307 eli·

219 3348 319 3428 ciunt,
342 3368 401 3430 quo
427 3350 569 3426 calcatis,
603 3369 680 3432 quae
705 3350 790 3432 prius
806 3350 928 3414 decreta
942 3350 1044 3426 eraut,
1067 3346 1191 3412 restitui
1205 3345 1340 3411 eeclesiis

218 3449 410 3515 iubebantur.
435 3451 491 3516 hoc
516 3452 588 3516 freti
614 3453 785 3517 Instantius
812 3455 844 3517 et
869 3451 1082 3516 Priscillianus
1098 3450 1266 3533 repetiuere
1280 3449 1368 3514 Hie

219 3552 356 3634 spanias3
379 3573 452 3618 nam
467 3553 629 3620 Saluianus
644 3555 677 3619 in
691 3555 765 3618 urbe
781 3554 914 3619 obierat:
948 3573 984 3619 ac
998 3557 1068 3619 tum
1082 3555 1146 3618 siue
1161 3553 1225 3618 ullo
1240 3554 1340 3618 certa-

184 3655 301 3722 somine
315 3655 471 3734 ecelesiae,
495 3656 605 3738 quibus
620 3656 830 3740 praefuerant,
853 3676 999 3740 recepere.

260 3759 376 3824 Verum
390 3759 509 3824 Ithacio
525 3761 564 3824 ad
578 3759 782 3825 resistendum
797 3778 856 3824 non
871 3761 1007 3837 animus,
1024 3761 1075 3824 sed
1086 3760 1219 3825 facudtas
1230 3757 1339 3837 defuit,
1351 3762 1390 3825 tt

218 3863 290 3943 quia
304 3863 451 3929 baeretici
466 3865 609 3945 corrupto
624 3862 789 3928 Voluentio
803 3863 981 3945 proconsule
995 3865 1077 3929 uires
1092 3883 1163 3928 suas
1177 3859 1339 3925 confirma·

268 4049 451 4104 4certamina
468 4050 552 4103 orat
632 4049 765 4107 9Acturn
783 4050 824 4113 P,
850 4050 888 4103 At
905 4049 997 4102 tumb
1077 4049 1112 4104 11
1130 4045 1339 4116 Aquitaniamb

270 4134 307 4194 15
325 4134 514 4204 Delphinumb
537 4137 550 4203 ll
572 4135 724 4189 euchrotiae
741 4137 781 4202 P,
808 4141 841 4188 ut
853 4151 900 4188 cnr.
913 4134 947 4188 dc
959 4135 1059 4188 Proto:
1085 4132 1246 4187 Eucbrociae
1266 4133 1295 4196 b,
1314 4137 1341 4186 et

217 4219 256 4273 a'e
276 4220 357 4286 infra
409 4221 445 4277 17
468 4235 527 4274 cum
540 4219 735 4288 lemmisatque
756 4220 853 4274 alienia
873 4221 958 4273 ctiam
977 4218 1103 4272 uxoribus
1123 4220 1192 4273 cont
1205 4218 1240 4272 dc
1252 4218 1340 4272 Proto

268 4305 305 4362 21
324 4309 464 4375 conspectu
482 4307 509 4360 P
577 4307 615 4362 22
634 4311 699 4374 eque
717 4307 744 4360 P
795 4305 835 4362 24
851 4308 1012 4374 tempestate
1029 4305 1057 4358 P
1125 4303 1163 4360 26
1180 4307 1239 4357 tum
1251 4304 1289 4367 P,
1307 4307 1341 4356 at

218 4392 286 4444 ceni.
309 4391 453 4465 Sigonius:
483 4393 576 4446 cumb
642 4391 679 4448 27
697 4392 782 4445 reatui
795 4392 823 4445 P
885 4387 1340 4447 311thacioBarom'ueritechio

217 4475 257 4544 P,
277 4475 389 4532 Traubio
400 4479 425 4544 b,
437 4477 528 4532 idacio
541 4477 671 4546 &porciae
724 4477 761 4533 32
774 4476 901 4530 Viuantio
912 4477 1055 4529 Beroeaeus
