3300 5142
668 531 743 601 Cap.
764 529 883 587 111-17.
920 607 926 615 Ι
1273 528 1333 593 101

249 688 390 771 Accipite
404 688 483 767 iem,
507 688 691 754 sacrosancti
705 687 874 770 principes,
899 685 995 751 etiam
1010 684 1137 755 nomina
1150 700 1254 748 eorum
1275 696 1384 764 63317

203 794 281 856 3331
305 793 423 857 6311636
447 793 624 875 composita.
648 790 752 855 lumen
777 791 849 867 hoc,
889 787 970 871 quod
984 786 1160 851 hominibus
1176 786 1262 850 iussu
1276 785 1336 850 Dei

209 895 325 979 fugatis
339 894 473 960 tenebris
488 895 571 960 diem
585 894 705 973 reddit,
729 892 810 976 quod
823 911 878 975 per
894 890 1054 956 duodecim
1075 891 1220 955 horarum
1235 889 1336 971 spatia

209 1016 315 1063 cursus
330 998 380 1063 sui
394 998 533 1063 ordinem
548 998 673 1083 dirigit,
696 997 799 1062 Solem
814 996 876 1060 dici
890 994 1069 1073 noluerunt,
1091 992 1239 1075 3636313
1254 990 1337 1057 36133

187 1101 272 1179 sest,
295 1102 331 1166 ut
346 1101 473 1184 quidam
489 1102 598 1167 uolunt
613 1138 655 1148 -—
670 1102 743 1183 6313
758 1100 825 1165 illic
846 1101 877 1163 61
891 1098 1011 1164 ceolum
1026 1098 1073 1161 est
1088 1096 1207 1162 611333
1222 1096 1253 1160 61
1268 1094 1338 1159 6116
1347 1107 1450 1151 eor-1⁶¹2·

207 1204 354 1285 plurium
369 1205 471 1269 sidem
485 1224 564 1287 qnae
578 1204 736 1283 uidemus,
759 1222 795 1268 ex
817 1202 929 1285 quibus
944 1200 1098 1284 quaedem
1118 1218 1186 1263 uuo
1207 1199 1284 1263 serie
1308 1199 1339 1263 61

211 1308 402 1373 cohaerentia
415 1308 563 1392 perpetua
578 1309 733 1390 simulque
748 1305 895 1389 copulate
919 1306 1039 1384 lucent,
1063 1305 1125 1369 alia
1144 1304 1210 1368 toto
1232 1320 1338 1386 sparsa

211 1410 294 1475 63613
310 1429 404 1494 uagos
419 1429 531 1475 cursus
544 1411 612 1475 suis
626 1411 798 1475 metiuntur
812 1410 966 1474 erroribus
981 1448 1038 1488 -‚
1061 1410 1114 1474 sed
1135 1407 1202 1471 ideo
1218 1404 1269 1471 Sol
1284 1424 1338 1488 ap-

211 1511 359 1595 pellatur,
375 1514 533 1595 63136336
548 1515 633 1579 ortus
648 1512 743 1578 fuerit
758 1513 929 1578 obscuratis
944 1512 1053 1577 6616613
1069 1510 1223 1576 sideribus
1237 1510 1339 1574 luceat

173 1617 304 1683 rosolus.
328 1618 415 1681 Luna
435 1618 530 1682 etiam
545 1654 585 1663 -
601 1616 676 1683 1366
695 1617 803 1682 eadem
828 1616 999 1680 Lucina-
1016 1634 1034 1679 3
1055 1614 1199 1679 36613636
1221 1612 1368 1686 13631366

212 1737 322 1785 363663
336 1720 469 1803 accepit:
492 1721 569 1785 hanc
584 1720 680 1785 etiam
695 1720 825 1802 quidam
839 1719 972 1783 Dianam
988 1718 1050 1783 dici
1066 1716 1240 1795 uoluerunt,
1257 1717 1339 1798 quod

212 1824 402 1905 pernoctem
423 1823 527 1887 lucens
548 1822 725 1887 hominibus
748 1823 881 1888 alterum
903 1840 997 1904 paene
1019 1821 1103 1887 diem
1125 1819 1230 1885 iaciat.
1254 1838 1340 1883 mare

212 1927 320 1990 nantes
335 1926 501 1990 enatando
515 1926 696 2007 Neptunum
711 1926 773 1991 dici
787 1926 961 2004 uoluerunt,
977 1926 1008 1990 61
1023 1944 1059 1991 66
1074 1925 1129 1988 166
1144 1922 1224 2006 6361
1239 1922 1339 1987 111666-

107 2088 112 2096 .
213 2030 260 2092 166
274 2029 443 2107 iaciebant,
466 2030 672 2094 substantiam
687 2030 820 2094 nominis
840 2029 1007 2113 figurantes
1022 2030 1176 2093 terrenam
1191 2027 1257 2091 eim
1272 2044 1340 2089 om-

176 2149 285 2200 unem
299 2133 391 2212 31636
405 2133 550 2197 33136363
565 2132 673 2198 Ditem
687 2135 806 2215 patrem
828 2134 949 2211 dierunt,
973 2133 1046 2215 6313
1067 2132 1141 2196 1366
1163 2132 1210 2195 631
1229 2132 1340 2195 331363

134 2254 137 2259 ·
213 2236 328 2313 terrae,
351 2236 387 2298 ut
401 2237 432 2299 et
446 2236 584 2301 recidant
598 2235 632 2300 in
647 2254 715 2303 eam
735 2236 838 2301 omnis
859 2237 890 2301 et
910 2253 1015 2300 rursus
1037 2254 1072 2300 ex
1093 2253 1128 2299 63
1148 2235 1215 2299 6613
1235 2251 1339 2315 proce-

213 2328 305 2415 dant,
321 2356 398 2419 quae
412 2356 461 2402 res
475 2338 665 2420 opulentiam
680 2341 780 2404 terrae
795 2339 983 2420 diuitiaeque
998 2338 1195 2402 monstrauit.
1213 2336 1369 2422 frugum3

213 2440 418 2507 substantiam
438 2442 548 2506 uolunt
569 2440 783 2524 Proserpinam
804 2442 921 2520 dicere,
945 2441 1016 2523 quie
1036 2439 1141 2525 fruges
1162 2440 1339 2507 hominibus

213 2563 285 2608 cum
311 2544 371 2608 seri
396 2544 552 2627 coeperint
577 2546 713 2626 prosunt.
737 2546 853 2611 terram
880 2544 978 2627 ipsam
1004 2542 1144 2609 Cererem
1169 2544 1338 2624 nominant,

172 2666 323 2715 36363663
347 2648 444 2713 hoca
468 2648 608 2732 gerendis
629 2648 781 2713 fructibus
807 2648 952 2713 mutuati.
982 2666 1018 2713 66
1039 2648 1192 2712 bellorum
1218 2648 1339 2713 casibus

212 2751 335 2815 Mauors
349 2770 460 2815 nomen
473 2751 589 2833 accepit
600 2749 688 2833 quasi
699 2770 813 2835 magna
823 2754 936 2817 uertat.
961 2751 1099 2816 Minerua
1111 2751 1258 2815 similiter
1272 2751 1339 2816 bel·

211 2854 308 2921 licum
322 2874 433 2921 nomen
453 2856 500 2919 est
521 2855 609 2937 63331
629 2856 683 2921 aut
696 2853 826 2920 'minuat
841 2855 896 2919 aut
911 2855 1053 2920 minetur.
1078 2858 1222 2921 uenustas
1237 2856 1339 2920 homi·

211 2978 287 3024 num
302 2959 406 3024 Venus
422 2959 504 3025 dicte
518 2960 573 3023 est.
598 2958 753 3042 Apollinis
768 2975 879 3023 nomen
894 2958 1088 3025 3613633313
1103 2960 1271 3026 1666366331
1287 2979 1338 3025 33-

211 3062 296 3127 sibus
317 3081 454 3128 36163636
475 3062 606 3141 Graeco,
630 3062 717 3144 quasi
739 3062 842 3127 omnia
865 3062 1027 3127 commissa
1054 3063 1114 3127 3111
1136 3064 1191 3129 331
1212 3061 1339 3127 amittat

171 3164 398 3248 3331663131.
423 3165 521 3231 solem
536 3166 631 3230 etiam
646 3165 773 3246 quidam
788 3165 967 3249 Apollinem
982 3165 1104 3245 dicunt,
1122 3166 1194 3249 quia
1210 3166 1339 3231 cottidie

211 3267 244 3331 in
259 3286 367 3332 occasu
382 3269 569 3334 constitutus
584 3269 778 3352 splendorem
798 3269 927 3335 luminis
942 3270 1069 3353 perdat:
1093 3269 1218 3353 perdere
1234 3269 1339 3333 autem

211 3368 322 3434 Graeci
336 3363 471 3435 ἀπολεῖν
485 3371 602 3437 dicunt.
625 3372 740 3437 uidetis
760 3374 818 3455 161
838 3378 956 3437 uestros
975 3373 1176 3437 euuutitioios
1200 3373 1231 3438 61
1251 3373 1454 3447 1161636663.

209 3471 284 3536 deos
298 3473 495 3540 turbulentus
510 3476 843 3559 6366633611336611,
867 3480 903 3541 ub
916 3476 1188 3557 superstitionibus
1203 3476 1368 3542 anilibus4

266 3731 356 3788 liam
376 3747 441 3786 uos:
459 3732 542 3787 etiem
563 3734 609 3788 Pa
630 3738 643 3805 ΙΙ
666 3737 749 3791 etiam
770 3737 811 3791 P:
838 3752 886 3791 om.
909 3737 971 3792 cdd.
1042 3740 1137 3799 511116
1157 3740 1199 3794 P:
1226 3737 1265 3792 ibi
1287 3756 1305 3792 a

210 3817 231 3874 6
251 3817 357 3906 qued·-
369 3818 410 3887 P;
428 3819 519 3887 insol.
535 3821 587 3878 161
604 3823 824 3878 ec172eureua
844 3824 930 3879 uerbo
939 3825 1067 3893 priorum
1088 3832 1188 3894 sepiem
1208 3840 1340 3879 6666366331

211 3904 271 3971 sere
291 3911 469 3961 6333366631
488 3907 586 3963 oborto
603 3924 772 3979 pergameno
792 3909 939 3965 admodum
959 3910 1062 3966 detrito
1118 3910 1287 3981 7313631636
1307 3928 1340 3966 a:

212 3990 346 4059 semelque
367 3992 406 4058 P,
433 4009 472 4047 au
493 4009 527 4047 66
547 3994 703 4063 somnique?
773 3996 1008 4053 mamaeam
1031 3997 1095 4051 hacc
1115 3997 1206 4051 eedem
1227 3998 1257 4053 L.
1281 3996 1340 4053 edd.

211 4076 272 4130 siue
296 4077 537 4147 interponentium
564 4082 599 4148 cs.
628 4080 682 4136 016.
704 4082 832 4137 61661666.
855 4088 912 4137 6661.
937 4084 977 4148 ΙΙ,
1001 4084 1017 4153 β
1041 4086 1092 4138 62:
1121 4100 1205 4137 curn..
1229 4084 1343 4139 Lunae

212 4162 321 4217 lucendo
342 4164 479 4219 nominata
503 4166 553 4232 sit;
572 4168 663 4221 eadem
683 4168 808 4222 63163136
832 4168 935 4223 Lucina
1005 4170 1341 4225 11diciu01ueruntnia-

213 4264 304 4302 namo
369 4251 404 4307 12
422 4254 662 4308 marenantesom.
676 4272 694 4308 3
747 4254 784 4311 16
802 4255 832 4309 in
844 4271 876 4309 63
889 4257 916 4310 Ρ
980 4256 1017 4313 19
1036 4258 1193 4327 proserpunt
1211 4256 1307 4311 Oeblcr

212 4332 250 4389 20
267 4349 344 4389 3636.
355 4337 383 4391 P
398 4340 410 4405 11
425 4338 548 4406 gerendis
562 4339 601 4403 P,
614 4346 647 4395 ut
658 4341 729 4395 coui.
747 4340 865 4397 0163366·
882 4342 932 4411 (cd
949 4342 1002 4397 Gic.
1022 4342 1055 4395 de
1073 4343 1170 4398 616661.
1185 4342 1227 4410 ΙΙ,
1241 4359 1263 4396 6.
1273 4344 1340 4409 26).-

212 4418 362 4475 serendiso
385 4426 397 4491 ΙΙ
419 4426 572 4479 6331331363
585 4443 604 4480 6
667 4426 1054 4496 243133161163611131Ρ
1106 4428 1144 4485 27
1162 4427 1291 4497 apollin(
1309 4428 1342 4496 ’1

211 4502 253 4568 Ρ,
271 4503 403 4562 studeres
414 4527 445 4574 a,
464 4527 511 4566 em.
523 4511 650 4567 Bursian
673 4515 685 4581 ΙΙ
708 4514 894 4569 6636636311163
906 4516 934 4568 61
945 4514 1057 4569 ficticios
1069 4532 1087 4569 a
