3300 5142
550 1593 993 1708 Praefatio.

260 2234 598 2332 Chronicorum
621 2252 750 2343 libri,
773 2281 864 2352 quos
876 2254 1057 2353 Sulpicius
1071 2256 1225 2329 Seuerus
1239 2279 1339 2327 com·

207 2374 349 2472 posuit,
384 2375 542 2473 primum
574 2374 661 2446 editi
685 2385 771 2447 sunt
799 2400 819 2446 a
847 2373 1004 2447 Flacio
1032 2374 1237 2474 Illyrico
1269 2372 1337 2446 sub
1379 2422 1389 2440 .

210 2493 279 2566 hoc
301 2493 426 2566 titulo:
449 2481 603 2592 ‘Sulpitii
627 2493 751 2567 Seueri
774 2491 780 2594 Ι
804 2519 924 2566 sacrae
945 2493 1118 2568 historiae
1140 2491 1146 2595 Ι
1169 2520 1189 2566 a
1210 2490 1339 2566 Mundi

208 2614 360 2685 exordio
392 2614 436 2686 ad
471 2639 535 2686 sua
576 2639 689 2710 usque
713 2611 718 2712 Ι
742 2624 907 2711 tempora
945 2615 1119 2687 deductae
1156 2612 1239 2685 libri
1263 2611 1268 2713 Ι
1291 2612 1338 2692 Π.

208 2757 306 2804 nuno
328 2732 484 2830 primum
507 2733 544 2804 in
570 2730 576 2834 Ι
599 2731 715 2804 lucem
738 2731 837 2805 editi.
865 2732 1042 2823 Basileae,
1071 2757 1136 2831 per
1157 2732 1336 2805 loannem

209 2851 412 2950 Oporinum
441 2853 488 2948 (a.
522 2837 659 2950 1556)'‚
689 2852 800 2942 eruti,
840 2865 879 2923 ut
901 2851 1037 2949 ipsein
1060 2846 1226 2950 ‘epistola
1249 2877 1340 2923 nun·

210 2966 403 3070 eupatoria'
435 2970 562 3043 scribit
590 2963 649 3043 ‘ex
687 2972 841 3068 quadam
874 2970 1124 3044 celeberrimae
1154 2971 1338 3044 Saxonum

208 3090 364 3163 ciuitatis
384 3088 564 3162 Hildesiae
584 3074 828 3163 bibliotheca'.
852 3115 899 3162 ex
916 3090 981 3179 iis,
1006 3089 1069 3188 qui
1092 3101 1219 3188 postea
1241 3088 1341 3161 libel·
1399 3111 1414 3138 ²

208 3208 281 3283 lum
317 3210 527 3298 ediderunt,
563 3235 643 3282 eum
681 3209 737 3281 alii
775 3220 855 3282 tum
890 3208 1058 3282 Victor
1094 3207 1340 3283 Giselinus

208 3327 324 3431 (1574
343 3329 598 3429 Antuerpiae),
623 3328 813 3402 Carolus
837 3328 1057 3427 Sigonius
1082 3329 1339 3426 (1581130ηο-

207 3449 324 3546 niae),
361 3447 386 3520 J
396 3475 428 3521 o.
450 3448 649 3521 Drusius
673 3449 789 3546 (1607
817 3448 1010 3547 Arnhemi)
1035 3449 1171 3546 opt-ime
1194 3450 1238 3521 de
1262 3474 1342 3520 uer·

208 3566 265 3642 bis
283 3567 470 3666 scriptoris
495 3593 567 3641 non
592 3569 787 3641 admodum
808 3567 993 3666 deprauati
1012 3568 1247 3641 emendandis
1265 3592 1340 3640 me·

207 3694 377 3778 ruerunt,
409 3687 473 3760 sed
496 3687 583 3759 nulli
613 3712 717 3760 curae
748 3687 818 3760 fuit
845 3699 907 3760 aut
935 3686 1088 3786 contigit
1118 3699 1159 3760 ut
1180 3688 1341 3762 codicem

207 3807 531 3905 manuscriptum,
568 3808 663 3879 unde
695 3806 784 3879 liber
816 3807 1052 3906 depromptus
1076 3816 1171 3898 erat,
1208 3789 1341 3879 iterum

211 3926 399 3999 inueniret.
422 3925 561 3999 felicius
584 3951 641 3999 res
664 3925 772 4000 cessit
795 3925 1078 4025 Hieronymo
1102 3927 1154 3999 de
1178 3925 1340 4014 Prato,

215 4046 276 4144 qui
298 4071 380 4119 eum
402 4045 658 4144 amplissimam
681 4045 936 4120 bibliothecam
960 4045 1171 4120 Vaticanam
1192 4045 1340 4144 perqui-

209 4166 357 4239 rendam
381 4176 558 4256 curasset,
582 4165 715 4238 certior
736 4165 853 4238 factus
877 4165 991 4238 estin
1014 4191 1055 4238 ea
1078 4175 1222 4238 exstare
1244 4165 1344 4237 codi-

213 4309 289 4359 cem
324 4283 386 4382 qui
417 4284 565 4384 Sulpicii
596 4284 729 4358 librum
761 4286 823 4357 diu
852 4285 1096 4358 desideratum
1126 4285 1340 4358 contineret.

210 4416 317 4502 atque
339 4404 475 4503 aceepit
497 4403 669 4479 lectiones
693 4404 736 4478 ab
760 4405 908 4478 homine
925 4404 963 4476 in
981 4402 1082 4478 libris
1100 4430 1209 4477 manu
1228 4403 1342 4504 scrip-
