3300 5142
335 536 379 601 m
733 532 873 587 Firmici
896 532 1043 587 Materni

334 690 452 757 secreta
465 688 602 771 profanis
622 689 870 772 persuasionibus
895 688 1023 771 polluit,
1047 689 1100 771 qni
1127 689 1165 753 de
1190 689 1346 771 praeclaro
1371 707 1466 769 opere

305 793 394 859 sDci
407 794 498 858 tana
511 793 666 876 contingit.
689 794 795 876 lugete
814 794 951 857 morinos
967 794 1085 856 nestros
1105 794 1137 856 et
1158 792 1219 873 ipsi
1242 791 1341 857 simili
1362 794 1466 857 morte

333 896 492 974 morituri,
515 896 635 961 mittite
660 895 785 979 regibus
810 896 924 960 uestris
950 898 986 959 ut
1012 894 1109 959 uultis
1123 894 1251 959 inferias
1267 896 1299 960 et
1312 896 1466 960 orbitates

332 1018 438 1065 eornm
453 1000 516 1065 alio
530 1000 736 1064 remediorum
750 1016 860 1082 genere
875 998 1029 1081 mitigate.
1053 998 1158 1083 lugete
1173 999 1337 1075 Liberum,
1356 999 1466 1082 lugete

331 1102 565 1186 Proserpinam,
580 1102 686 1185 lugete
700 1103 809 1179 Attin,
833 1101 937 1185 lugete
953 1100 1073 1179 Osirin,
1096 1102 1150 1167 sed
1171 1102 1239 1167 sine
1253 1104 1374 1167 nostrae
1389 1120 1465 1167 oon-
1487 1130 1499 1169 s

331 1206 464 1271 tumelia
477 1206 651 1289 dignitatis.
673 1204 743 1269 nolo
768 1226 819 1270 me
841 1224 896 1288 per
921 1204 1058 1270 tumulos
1080 1222 1186 1269 eorum
1200 1203 1387 1287 fauillasqne
1403 1204 1465 1269 dn-

332 1309 426 1386 catis,
448 1308 518 1373 nolo
532 1310 569 1372 ut
583 1309 677 1373 errori
692 1310 796 1374 uestro
810 1326 920 1373 nomen
934 1327 1039 1373 meum
1054 1307 1191 1373 fomenta
1211 1308 1397 1390 subpeditet.
1422 1308 1464 1373 ad

331 1412 459 1477 initium
473 1411 537 1476 diei
551 1432 570 1477 a
583 1412 648 1475 Deo
663 1412 765 1476 factus
779 1430 864 1490 sum,
887 1412 944 1477 boc
959 1412 1037 1476 mibi
1053 1410 1171 1475 sufficit
1185 1411 1304 1476 solum:
1320 1411 1396 1492 quid
1411 1430 1464 1476 me

330 1514 453 1580 bonesti
464 1515 599 1579 muneris
610 1516 763 1598 dignitate
774 1514 931 1597 priuatis?
945 1514 1031 1579 ahud
1043 1534 1093 1579 me
1106 1515 1188 1579 Deus
1200 1514 1282 1591 lecit,
1298 1514 1464 1579 aliudesse

331 1618 436 1696 iussit,
461 1618 493 1681 et
506 1636 562 1681 uos
575 1636 626 1681 me
640 1635 694 1699 pro
709 1617 839 1682 libidine
854 1618 957 1682 uestra
970 1617 1128 1695 uiuidus,
1151 1636 1206 1700 pro
1221 1618 1343 1683 arbitrii
1363 1617 1463 1683 uestri
1473 1639 1498 1678 ro

330 1720 500 1803 cupiditate
511 1720 660 1785 laceratis.
677 1720 824 1802 quicquid
840 1740 908 1785 sum
924 1719 1108 1801 simpliciter
1117 1738 1208 1802 pareo
1221 1740 1277 1785 nec
1291 1722 1378 1786 alind
1390 1720 1462 1785 uolo

330 1824 369 1888 de
389 1842 440 1888 me
460 1823 650 1907 intellegatis
671 1824 731 1887 nisi
752 1824 834 1905 quod
855 1823 983 1889 uidetis:
1011 1823 1068 1887 hoo
1082 1824 1147 1888 Deo
1167 1825 1291 1907 gratnm
1312 1827 1375 1902 est,
1402 1825 1462 1888 hoc

330 1926 414 1991 Deus
428 1927 561 1991 libenter
575 1926 787 2008 amplectitur,
807 1926 865 1991 hoc
880 1927 1018 1992 homines
1033 1926 1073 1990 ad
1087 1925 1198 1991 salutis
1213 1926 1296 1991 uiam
1313 1927 1416 2003 ducit,
1432 1928 1461 1990 si

330 2029 475 2112 proiectis
495 2029 649 2094 erroribus
663 2030 721 2094 Dei
742 2030 878 2113 gratiam
893 2029 1077 2112 simpliciter
1090 2049 1126 2093 ac
1140 2029 1272 2095 fideliter
1286 2018 1462 2095 hauriatis.'

305 2132 420 2199 4Haec
433 2132 574 2215 quidem,
597 2132 801 2199 sacratissimi
815 2133 1029 2215 imperatores,
1052 2132 1247 2215 ethopoeiam
1262 2134 1307 2197 mi
1321 2150 1495 2197 sermonen

332 2236 446 2301 dixisse
460 2236 603 2301 suffidat.
627 2239 660 2301 at
675 2255 731 2321 ego
745 2255 827 2301 nunc
841 2255 996 2301 sacrarum
1011 2236 1177 2301 lectionum
1189 2236 1385 2301 institutione
1397 2236 1462 2300 lor·

219 2342 434 2420 ,adamatus
448 2339 585 2422 perditos
599 2339 739 2404 homines
753 2340 897 2424 religioso
917 2357 1055 2405 sermone
1074 2340 1078 2421 1
1098 2340 1253 2405 oonuonio.
1277 2341 1303 2403 si
1324 2339 1370 2403 dii
1386 2342 1461 2405 sunt

330 2460 405 2525 quos
420 2442 537 2520 colitis,
560 2460 614 2508 cur
629 2442 832 2527 conlugetis?
854 2460 908 2506 our
927 2460 977 2507 eos
997 2444 1107 2507 annuis
1127 2443 1263 2508 luctibus
1285 2443 1461 2527 plangitis?

329 2545 356 2611 si
370 2544 508 2609 lacrimis
523 2565 559 2611 ac
574 2546 661 2611 luctu
676 2545 763 2629 digni
778 2546 865 2623 sunt,
888 2564 942 2610 cur
956 2564 1006 2609 eos
1023 2546 1126 2610 diuino
1142 2545 1254 2612 honore
1269 2548 1460 2612 cumulatis?

329 2668 426 2713 unum
443 2648 548 2730 itaque
563 2668 580 2713 e
595 2649 714 2713 duobus
729 2650 836 2714 facite:
860 2652 915 2715 aut
934 2648 1030 2713 nolite
1053 2666 1103 2715 eos
1119 2650 1238 2733 lugere,
1261 2651 1289 2715 si
1309 2649 1353 2714 dii
1374 2654 1495 2729 sunta

331 2753 387 2817 aut
406 2751 433 2816 si
455 2752 542 2817 luctu
561 2770 613 2817 eos
634 2751 743 2837 dignos
763 2752 881 2834 putatis
906 2770 942 2817 ac
962 2752 1115 2827 lacrimis,
1139 2752 1210 2819 deos
1232 2772 1282 2818 eos
1303 2754 1460 2835 appellare

330 2854 442 2933 noble,
465 2873 502 2919 ne
525 2854 662 2920 luctibus
687 2874 723 2920 ac
743 2855 881 2919 lacrimis
902 2856 1014 2920 uestris
1037 2856 1183 2921 mumtas
1203 2857 1302 2921 diuini
1323 2858 1459 2923 nominis

303 2958 497 3040 opolluatur.
521 2958 574 3023 sed
593 2959 666 3041 quia
679 2978 766 3024 mens
781 2958 901 3040 perdita
916 2960 948 3023 et
962 2960 1127 3024 sceleratae
1143 2960 1322 3041 cupiditatis
1336 2959 1458 3042 laqueis

330 3060 491 3143 implicata
505 3061 592 3126 nulla
605 3064 707 3144 potest
721 3062 839 3127 ratione
854 3062 1005 3141 reuocari,
1032 3081 1195 3145 persequar
1210 3064 1321 3141 cetera,
1347 3064 1384 3127 ut
1397 3083 1458 3145 pu-

328 3162 454 3229 blicatis
469 3165 611 3230 omuibus
626 3166 718 3247 atoue
733 3164 863 3230 detectis
885 3184 962 3247 quae
983 3167 1109 3249 profana
1131 3166 1319 3231 consecrauit
1340 3167 1502 3249 impio-²⁵.

325 3268 409 3333 bitas
424 3268 633 3335 misericordia
652 3269 711 3334 Dei
732 3269 855 3334 nomine
876 3270 992 3334 domini
1012 3269 1110 3333 nostri
1131 3270 1201 3335 Iesu
1222 3268 1339 3334 Christi
1353 3270 1457 3353 lapsos

328 3371 442 3455 erigat,
466 3372 619 3456 fugientes
640 3372 679 3436 ad
701 3392 733 3437 se
756 3375 897 3451 reuocet,
921 3372 1099 3437 dubitantes
1123 3372 1297 3449 confirmet,
1321 3375 1457 3439 ementes

330 3476 465 3559 corrigat
478 3478 510 3541 et
524 3474 606 3557 quod
620 3476 668 3540 est
682 3475 881 3557 potissimum
896 3476 996 3540 uitam
1011 3476 1214 3541 morientibus
1229 3476 1329 3541 donet.

301 3582 321 3645 t
374 3578 411 3643 ln
425 3578 568 3660 plurimis
583 3578 709 3643 orientis
724 3578 922 3657 ciuitatibus,
945 3578 1018 3643 licet
1033 3578 1090 3644 hoc
1103 3579 1222 3649 malum
1237 3580 1332 3644 etiam
1347 3580 1386 3645 ad
1399 3597 1457 3644 nos

328 3682 495 3746 transitum
509 3680 632 3758 fecerit,
648 3680 765 3746 Adonis
780 3682 869 3764 quasi
883 3682 1013 3746 maritus
1026 3682 1186 3765 plangitur
1197 3682 1324 3748 Veneris
1339 3686 1370 3748 et
1385 3702 1456 3765 per-
1465 3703 1491 3743 u

327 3802 431 3851 cussor
446 3785 512 3849 eius
527 3784 798 3849 circumstantibus
813 3786 988 3868 uulnusque
1002 3786 1200 3851 monstratur.
1225 3786 1309 3851 Mars
1324 3786 1407 3852 enim
1421 3789 1456 3853 in

324 3888 409 3971 porci
423 3887 578 3952 siluestris
593 3886 726 3968 speciem
741 3886 934 3969 formamque
949 3889 1103 3965 mutatus,
1126 3890 1163 3953 nt
1178 3889 1238 3953 sibi
1253 3889 1369 3971 primas
1383 3910 1455 3973 par-

323 3992 371 4056 tes
385 3992 418 4055 in
433 4009 535 4056 amore
546 3990 674 4055 lionoris
685 3991 872 4068 uindicaret,
889 3991 1011 4055 incaute
1026 3991 1130 4055 contra
1144 4010 1176 4057 se
1191 3993 1331 4057 mentem
1345 4012 1456 4074 percu-

323 4092 365 4157 tit
380 4092 531 4158 iuuenem.
557 4095 583 4157 si
606 4093 681 4158 deus
702 4094 769 4158 erut
784 4092 918 4172 Adonis,
942 4113 996 4159 cur
1011 4094 1118 4160 riualis
1133 4095 1262 4161 insidias
1276 4096 1456 4161 nesciebat?

377 4333 516 4389 lsecreta
528 4333 567 4387 P:
586 4349 692 4387 sacrae
743 4334 869 4403 dlngite
885 4335 966 4388 terP
1020 4335 1054 4391 11
1074 4336 1243 4405 deopareoa
1305 4336 1342 4393 14
1361 4336 1456 4390 audia-

323 4417 392 4471 tisa
446 4418 482 4475 18
500 4417 638 4487 lugitisP
691 4418 905 4476 l9acP:etc
957 4420 995 4477 26
1014 4421 1190 4475 innominea
1213 4424 1224 4489 ΙΙ
1247 4420 1422 4490 lesu]ith

324 4503 363 4559 27
383 4502 523 4558 confirmat
536 4506 563 4558 P
614 4506 651 4563 30
667 4522 804 4576 percursor
816 4507 843 4560 P
896 4506 934 4563 33
953 4508 1045 4561 contra
1057 4508 1188 4561 serentem
1201 4524 1220 4560 a
