3300 5142
297 544 340 609 54
714 540 856 594 Minucii
879 539 1007 594 Felicis

297 699 401 762 autem
417 697 471 762 ille
484 696 537 779 qui
553 696 689 774 dubitat,
705 697 808 761 uernis
822 696 983 781 indulgere
998 716 1052 763 nos
1066 697 1207 776 floribus,
1229 718 1299 763 eum
1315 718 1428 783 carpa-

296 818 366 865 mus
381 801 413 865 et
426 818 528 865 rosam
543 799 625 864 ueris
640 801 672 864 et
686 799 789 865 lilium
803 801 835 864 et
851 800 996 883 quicquid
1011 802 1095 867 aliud
1116 802 1148 867 in
1169 802 1294 868 floribus
1314 803 1420 868 blaudi

297 903 406 969 coloris
420 904 451 967 et
467 902 566 969 odoris
582 906 653 968 est?
674 903 723 968 bis
738 904 821 969 enim
844 907 875 968 et
890 904 1003 986 sparsis
1018 905 1139 969 utimur
1159 905 1305 971 mollibus
1321 924 1356 970 ac
1370 924 1422 971 so·

296 1005 372 1070 lutis
387 1009 419 1071 et
433 1006 523 1071 sertis
539 1006 616 1070 oolla
627 1006 857 1089 conplectimnr.
875 1026 946 1071 sane
958 1008 1038 1089 quod
1054 1008 1146 1091 eaput
1160 1026 1219 1072 non
1231 1026 1419 1085 coronamus

295 1109 463 1193 ignoscite:
479 1127 586 1173 auram
601 1108 713 1173 bonam
732 1107 816 1172 floris
835 1109 961 1173 naribus
982 1108 1100 1188 ducere,
1124 1128 1183 1175 uon
1204 1111 1344 1193 occipitio
1369 1130 1421 1176 ca-
1444 1140 1463 1177 a

268 1211 421 1294 spillisue
436 1210 570 1275 solemus
585 1210 714 1276 haurire.
746 1230 801 1276 nec
815 1212 952 1276 mortuos
968 1230 1155 1278 coronamus.
1172 1232 1228 1297 ego
1243 1230 1298 1277 uos
1318 1214 1350 1278 in
1364 1214 1425 1278 hoc

296 1315 396 1398 magis
408 1314 511 1391 miror,
527 1313 785 1395 quamadmodum
796 1314 942 1381 tribuatis
955 1315 1086 1379 exanimi
1099 1316 1153 1381 aut
1165 1316 1311 1380 sentienti
1322 1315 1422 1381 faeam

297 1418 424 1480 autnon
440 1415 585 1480 sentienti
600 1434 753 1493 coronam,
769 1435 840 1480 cum
855 1418 887 1481 et
901 1417 1011 1482 beatus
1026 1436 1086 1482 non
1100 1420 1190 1502 egeat
1205 1420 1236 1483 et
1251 1420 1346 1483 miser
1360 1436 1421 1482 non

268 1517 431 1601 4gaudeat
444 1516 579 1582 fioribus.
610 1519 740 1583 atenim
765 1536 820 1583 nos
836 1520 991 1601 exsequias
1007 1520 1190 1585 adornamus
1211 1521 1318 1587 eadem
1334 1522 1421 1585 trau·

295 1620 454 1702 quillitate
466 1640 527 1703 qua
540 1621 693 1699 uiuimus,
709 1640 764 1686 nec
778 1622 970 1687 adnectimus
985 1625 1172 1688 arescentem
1188 1640 1344 1701 coronam,
1367 1622 1420 1687 sed
1430 1654 1463 1692 ιο

297 1743 315 1788 a
329 1724 393 1788 Deo
409 1725 541 1789 aeternis
555 1724 681 1789 floribus
696 1725 837 1790 uiuidam
848 1726 1053 1792 sustinemus:
1070 1728 1181 1809 quieti,
1198 1727 1345 1807 modesti,
1362 1727 1422 1791 Dei

295 1828 393 1893 nostri
414 1827 604 1892 liberalitate
626 1829 725 1893 securi
748 1846 836 1911 spem
859 1827 982 1894 futurae
998 1830 1156 1895 felicitatis
1174 1830 1234 1895 fide
1250 1830 1422 1913 praesentis

296 1932 362 1995 eins
376 1930 548 1996 maiestatis
564 1931 745 1996 animemus.
776 1930 822 1995 sie
842 1930 873 1994 et
887 1931 970 1996 beati
987 1933 1177 2015 resurgimus
1193 1934 1224 1997 et
1235 1932 1334 1997 futuri
1349 1950 1423 1996 con·

268 2034 496 2115 ntemplatione
510 2033 574 2097 iam
589 2034 735 2099 uiuimus.
750 2034 876 2117 proinde
889 2034 1025 2099 Socrates
1037 2054 1141 2099 scurra
1155 2034 1282 2100 Atticus
1293 2035 1420 2111 uiderit,

295 2137 373 2203 nihil
394 2156 426 2202 se
447 2136 524 2201 scire
550 2136 722 2215 confessus,
750 2137 927 2201 testimonio
947 2137 1020 2202 licet
1043 2136 1237 2203 fallacissimi
1263 2136 1420 2202 daemonis
1429 2167 1459 2206 rs

295 2240 461 2324 gloriosus,
477 2239 633 2303 Arcesilas
649 2257 769 2321 quoque
784 2240 816 2304 et
832 2238 1002 2304 Carneades
1020 2243 1051 2304 et
1065 2240 1162 2323 Pyrro
1178 2242 1209 2305 et
1225 2241 1324 2305 omnis
1339 2239 1422 2303 Aca·

296 2341 485 2407 demicorum
499 2341 671 2406 multitudo
688 2342 853 2420 deliberet,
881 2341 1053 2407 Simonides
1076 2343 1170 2408 etiam
1192 2342 1423 2423 inperpetuum

295 2444 549 2528 conperendinet:
564 2444 815 2526 pbilosophorum
827 2444 989 2527 supercilia
1005 2445 1246 2523 contemnimus,
1262 2464 1337 2527 quos
1354 2463 1429 2509 cor—

294 2551 435 2632 ruptores
449 2548 480 2611 et
492 2546 649 2611 adulteros
665 2547 809 2613 nouimus
821 2551 853 2612 et
868 2550 1014 2631 tyrannos
1030 2550 1061 2613 et
1074 2567 1194 2632 semper
1204 2547 1350 2615 aduersus
1366 2568 1426 2613 sua·

268 2651 374 2727 euitia
394 2649 550 2715 facundos.
583 2668 655 2727 nos,
679 2650 734 2730 qui
748 2668 808 2715 non
824 2652 934 2716 habitu
950 2652 1131 2734 sapientiam
1148 2652 1199 2717 sed
1215 2653 1317 2718 mente
1332 2672 1463 2735 prae-20

297 2754 439 2831 ierimus,
456 2770 516 2817 nou
528 2752 701 2835 eloquimur
715 2772 830 2838 magna
845 2754 900 2818 sed
916 2755 1068 2830 uiuimus,
1092 2755 1260 2839 gloriamur
1281 2773 1334 2819 nos
1350 2772 1424 2818 con-

295 2859 414 2921 secutos
430 2856 511 2938 qnod
522 2856 570 2919 illi
586 2874 708 2920 summa
723 2856 893 2922 intentione
909 2858 1128 2939 quaesiuerrmt
1142 2876 1198 2923 nee
1213 2858 1352 2922 inuenire
1366 2876 1423 2939 po-

295 2961 429 3025 tuerunt.
462 2958 537 3041 quid
558 2958 676 3044 ingrati
696 2977 818 3038 sumus,
848 2960 921 3042 qnid
942 2960 1030 3025 nobis
1047 2960 1237 3039 inuidemus,
1264 2962 1291 3024 si
1308 2960 1427 3025 ueritas

347 3150 362 3205 1
383 3164 520 3218 carpamus
531 3147 692 3203 smectica
704 3147 752 3215 (ad
768 3147 853 3215 Apul.
868 3147 977 3201 Metam.
995 3146 1033 3215 X,
1043 3164 1071 3215 p.
1086 3148 1167 3217 382):
1197 3148 1332 3217 capiamus
1345 3148 1388 3202 Pr

295 3234 313 3291 3
331 3234 474 3288 mobilibus
487 3250 518 3287 ac
530 3234 624 3288 solutis
634 3234 739 3289 Valden
751 3233 808 3287 coll.
823 3234 934 3287 Terlall.
946 3234 1025 3301 Apol.
1039 3250 1060 3287 c.
1075 3237 1112 3286 42
1164 3234 1182 3291 5
1201 3234 1296 3287 bonam
1308 3234 1423 3301 scripsi:

295 3322 363 3375 bona
375 3322 402 3374 P
408 3337 453 3387 pr.
467 3338 500 3373 m.
519 3319 582 3373 boni
600 3320 627 3373 P
638 3336 705 3373 corr.
719 3336 752 3373 m.
767 3321 786 3371 2
799 3325 851 3372 etr
874 3320 885 3385 ΙΙ
908 3317 1015 3387 capillis
1028 3335 1073 3371 sue
1085 3318 1186 3371 olemus
1203 3320 1237 3383 P,
1259 3335 1306 3371 cm.
1325 3320 1356 3372 in
1373 3335 1389 3371 r

296 3407 313 3463 7
332 3407 448 3461 exanimi
461 3409 509 3459 aut
520 3406 648 3460 sentienti
659 3407 744 3460 facem
761 3406 880 3459 Vrsinus
893 3412 916 3459 et
930 3406 1082 3459 Solonenica
1093 3406 1218 3473 (Excrce
1234 3406 1308 3459 Ptin.
1327 3422 1353 3473 p.
1367 3408 1428 3459 963

295 3493 336 3547 ed.
350 3494 443 3562 Por.):
461 3492 576 3545 exanimi
597 3494 645 3546 aut
656 3508 708 3546 uon
727 3492 857 3545 sentienti
868 3492 951 3545 facem
965 3492 1014 3557 Pr,
1028 3492 1143 3545 exanimi
1154 3494 1186 3545 ut
1198 3506 1249 3545 non
1264 3491 1391 3545 sentienti
1403 3491 1424 3543 f.

295 3579 438 3632 Heroides
442 3599 453 3645 ‚·
465 3578 599 3647 (exanimi,
612 3580 723 3632 autnon
736 3578 864 3632 sentienti
877 3580 907 3632 ut
920 3578 1047 3632 sentienti
1060 3593 1181 3631 coronam
1190 3576 1343 3641 liceretne,
1364 3593 1427 3630 era-

294 3664 362 3718 uimi
375 3667 486 3717 autnon
502 3664 630 3717 sentienti
649 3664 734 3717 facem
746 3667 795 3718 aut
806 3663 934 3718 sentienti
946 3679 1068 3717 coronam
1080 3662 1227 3731 Doureios)
1245 3663 1280 3728 cf.
1295 3668 1334 3727 11,
1348 3666 1372 3716 4.
1392 3662 1428 3716 Si

295 3751 377 3805 nentri
388 3756 522 3814 moue,
542 3751 582 3803 ait
595 3749 752 3815 Salmnsiree,
766 3766 817 3805 ear
828 3750 871 3803 illi
882 3751 970 3817 facem
981 3748 1137 3817 subjicitis?
1154 3750 1178 3801 si
1189 3764 1247 3801 non
1258 3749 1351 3812 sentit,
1373 3763 1423 3801 cur

295 3854 423 3892 coronam
434 3837 477 3891 illi
488 3836 624 3903 tributio,
643 3837 722 3889 cuius
734 3837 842 3889 odorem
854 3852 910 3890 raon
919 3841 1008 3903 potest
1015 3832 1179 3902 percipere?
1231 3832 1249 3888 9
1269 3832 1301 3885 ad
1314 3833 1385 3886 enim
1397 3832 1429 3886 P

305 3926 326 3994 ΙΙ,
335 3923 497 3976 odoramnsr
546 3922 580 3978 11
595 3921 689 3989 quieti,
701 3922 816 3975 modesti
829 3920 981 3990 Ripnltius:
994 3920 1040 3988 qui
1053 3922 1081 3972 et
1092 3918 1206 3972 modesti
1214 3918 1241 3971 P
1288 3918 1325 3973 12
1338 3917 1425 3971 securi

294 4008 323 4061 iu
344 4025 417 4075 spem
430 4040 462 4046 —
475 4009 626 4063 animamur
636 4005 773 4061 Danaeius
840 4008 876 4063 13
895 4008 1044 4059 animemus
1060 4005 1179 4059 Vablea:
1199 4004 1348 4057 animamur
1361 4004 1425 4069 Pr,-

294 4095 328 4160 cs.
346 4094 456 4147 Tertull.
471 4095 584 4162 Apolop.
598 4111 620 4147 c.
634 4098 668 4146 19
731 4093 767 4150 16
780 4093 913 4146 Arcesilas
935 4109 965 4146 r:
986 4091 1145 4145 arcaesilaus
1168 4090 1195 4144 P
1217 4091 1229 4157 ll
1252 4089 1354 4157 Pyrrho
1374 4105 1390 4140 r

296 4177 333 4234 18
345 4179 555 4247 comperendinet
561 4179 697 4233 Sabaeae:
707 4178 898 4248 conpraehendi
908 4194 955 4231 nec
965 4180 992 4233 P
1037 4177 1076 4233 20
1087 4177 1133 4245 qui
1142 4174 1254 4229 addidit
1265 4174 1382 4229 Vrsinus
1391 4189 1428 4227 ec·

297 4264 433 4332 Cypriani
441 4264 511 4317 libro
519 4264 554 4317 de
562 4266 630 4318 borio
635 4266 788 4333 patientiae
795 4281 815 4318 c.
826 4265 892 4317 210.
905 4265 916 4330 ΙΙ
927 4263 1082 4317 raeserimus
1088 4263 1121 4327 P,
1135 4262 1233 4315 addita
1243 4278 1261 4330 p
1274 4264 1293 4313 2
1304 4278 1391 4315 osana

295 4348 332 4405 22
351 4350 490 4404 sumamP
540 4350 578 4406 23
597 4351 673 4404 uobis
691 4351 822 4411 Vrsinas;
840 4350 880 4403 ‘at
892 4350 940 4403 boc
952 4349 1034 4403 dicit:
1055 4350 1078 4402 si
1090 4348 1192 4401 ueritas
1205 4348 1294 4399 nostro
1306 4349 1430 4414 ternpore

293 4435 432 4499 maturuit,
447 4435 596 4503 quidnobis
607 4436 695 4503 iniqui
707 4451 806 4501 snmus,
819 4436 961 4503 quominus
974 4436 1093 4489 fruamur
1102 4433 1170 4488 bono
1179 4432 1290 4486 nostro?
1303 4434 1337 4499 cf.
1349 4432 1427 4485 Loc-

292 4521 378 4574 tcritia'
391 4520 457 4574 Diu.
472 4522 542 4575 Inet.
560 4522 617 4586 ΠΙ,
630 4524 675 4586 30,
690 4522 723 4575 7?
740 4521 846 4577 Vahlen
868 4523 880 4589 ΙΙ
904 4521 1054 4575 inuidemur
1067 4522 1094 4575 P
