3300 5142
589 521 753 592 Dialogus
770 521 792 585 Ι,
813 521 933 580 15-17.
1264 523 1326 590 169

197 691 270 758 ergo
285 673 425 740 edentem
440 674 488 740 uis
502 677 623 742 interne
635 678 791 761 torqueret
811 679 843 745 ot
857 679 1004 745 inmensis
1029 677 1186 744 doloribus
1213 677 1326 743 uitalia

197 776 339 842 uniuersa
354 780 551 860 quaterentur
566 797 602 844 ac
615 778 757 863 frequens
772 781 909 847 uomitus
933 780 1120 847 cruciatibus
1140 799 1202 846 non
1222 779 1323 846 feren·

197 879 245 944 dis
271 879 370 962 ipsam
394 881 514 948 animae
539 882 642 948 sedem
667 884 824 950 stomacho
851 884 915 950 iem
941 883 1103 950 fatiscente
1127 883 1319 961 dissoluerat,

197 983 299 1047 omnia
323 984 445 1064 ponitus
471 1003 547 1067 quae
573 988 645 1051 sunt
670 985 786 1053 edenda
816 985 984 1052 formidans
1011 987 1179 1069 septimum
1203 985 1324 1052 ieiunus

175 1085 279 1155 :diem
294 1086 405 1168 spiritu
419 1086 578 1154 deficiente
593 1089 740 1167 docebat,
763 1107 836 1155 cum
856 1090 895 1154 ad
915 1107 988 1155 eum
1002 1088 1084 1167 iera,
1107 1089 1158 1154 cui
1172 1088 1262 1153 ibicis
1276 1090 1352 1154 osce

195 1205 319 1267 nomen,
353 1191 488 1256 accessit.
519 1191 591 1257 huic
623 1192 747 1274 propius
773 1192 910 1258 adstanti
939 1191 1122 1258 fasciculum
1148 1191 1323 1269 herbarum,

196 1309 287 1373 quem
302 1291 463 1358 collectum
477 1293 575 1376 pridie
589 1293 748 1379 adtingere
762 1311 822 1360 non
843 1294 991 1374 audebat,
1008 1295 1135 1361 obiecit:
1158 1295 1211 1359 sed
1225 1292 1325 1360 hestia

197 1412 273 1476 qnae
287 1394 442 1461 uimlenta
457 1399 543 1462 erant
555 1414 605 1462 ore
617 1397 799 1477 discutiens,
816 1416 894 1480 quae
904 1397 1028 1464 innoxia
1037 1400 1166 1462 nouerat
1178 1396 1322 1481 eligebat.

196 1496 242 1562 ita
266 1497 315 1562 uir
341 1501 463 1564 sanctus
488 1499 554 1564 eius
580 1501 719 1584 exemplo
735 1499 810 1582 qnid
825 1501 929 1579 edere,
953 1500 1028 1583 qnid
1042 1519 1184 1584 respuere
1200 1500 1324 1565 deberet

162 1599 335 1678 scelestus,
358 1601 389 1665 ct
413 1601 584 1684 periculum
604 1601 697 1668 fomis
718 1603 816 1668 euasit
836 1605 868 1668 et
887 1603 1051 1668 herbarum
1066 1621 1183 1668 nenena
1197 1602 1322 1668 uitauit.

196 1702 248 1767 sed
272 1703 399 1788 longum
423 1707 485 1783 cst,
508 1705 546 1770 de
571 1705 730 1784 omnibus,
754 1705 807 1788 qui
834 1724 973 1771 eremum
999 1705 1152 1783 incolunt,
1181 1705 1353 1788 conportet

193 1805 280 1870 nobis
294 1805 345 1871 nel
359 1806 466 1872 audita
479 1825 657 1874 memorare.
682 1827 796 1873 annum
810 1807 968 1893 integrum
982 1809 1015 1875 et
1028 1809 1147 1892 septem
1162 1807 1225 1874 fere
1236 1825 1324 1873 men·

192 1925 239 1972 sos
254 1907 334 1973 intra
348 1909 547 1974 solitudinem
562 1910 747 1976 constitutus
760 1911 864 1995 exegi,
885 1911 987 1996 magis
1007 1910 1135 1976 uirtutis
1155 1911 1325 1976 admirator

192 2010 322 2091 alienae,
345 2030 438 2093 quam
464 2013 545 2095 qnod
570 2013 636 2096 ipse
661 2013 727 2078 tam
757 2013 888 2078 arduum
913 2015 1012 2094 adque
1026 2011 1154 2078 difficile
1167 2013 1321 2095 potuerim

157 2139 183 2179 n
192 2115 343 2195 temptare
357 2115 564 2197 propositum:
587 2115 708 2199 saepius
728 2115 834 2180 tamen
853 2134 924 2181 cum
944 2133 1016 2180 sene
1030 2115 1100 2194 illo,
1124 2115 1176 2197 qni
1191 2117 1321 2198 puteum

193 2217 224 2281 et
238 2215 348 2282 bouem
361 2217 511 2296 habebat,
534 2217 684 2284 habitant.

233 2318 302 2384 Duo
317 2318 401 2384 hasti
415 2319 531 2386 Antoni
545 2321 730 2386 monasteria
754 2320 833 2400 adii,
856 2339 933 2402 quae
953 2319 1104 2402 hodieque
1123 2319 1161 2384 ab
1182 2319 1248 2384 eins
1272 2318 1321 2383 di·
1334 2319 1373 2385 1⁷

194 2421 320 2504 scipulis
345 2421 527 2488 incoluntur.
552 2423 591 2488 ad
617 2441 687 2488 eum
717 2423 813 2489 etiam
839 2423 957 2501 locum,
980 2423 1013 2488 in
1038 2441 1098 2505 quo
1123 2421 1321 2487 beatissimus

196 2523 311 2590 Paulus
325 2523 444 2608 primns
459 2525 586 2590 eremita
601 2528 648 2591 est
660 2526 847 2604 diuersatus‚
863 2526 985 2592 accessi.
1009 2525 1136 2591 rubrum
1147 2543 1233 2590 mare
1244 2523 1350 2602 uidit

161 2649 187 2692 :o
196 2626 305 2711 iugum
319 2625 392 2693 Sina
405 2627 535 2704 montis,
558 2628 644 2693 cuius
659 2647 804 2694 cacumen
819 2629 902 2694 caelo
915 2647 1011 2711 paene
1025 2628 1204 2711 contignum
1224 2628 1272 2691 est
1291 2627 1323 2691 et

197 2747 389 2812 nequequam
404 2730 484 2795 adiri
499 2731 608 2814 potest.
633 2731 713 2797 inter
728 2731 793 2796 eins
807 2749 943 2797 recessus
958 2731 1139 2796 anachoreta
1149 2747 1214 2794 esse
1225 2729 1352 2812 aliquis

198 2830 367 2911 ferebatur,
389 2851 480 2915 quom
495 2833 549 2898 diu
562 2833 758 2916 multumque
773 2833 947 2917 quaesitum
961 2832 1065 2897 uidere
1079 2850 1139 2897 non
1153 2832 1250 2915 potui,
1267 2831 1321 2913 qui

196 2933 260 3000 lere
273 2934 337 3000 inm
352 2936 422 3000 ante
437 2935 660 3020 quinquaginta
682 2954 774 3001 annos
795 2955 813 3001 a
834 2935 1059 3007 conuersatione
1074 2935 1208 2999 hnmana
1222 2950 1322 2998 remo-

197 3039 248 3103 tus
262 3037 346 3103 nullo
362 3037 457 3104 uestis
472 3055 530 3104 usu
542 3085 549 3116 ,
563 3038 667 3104 'saetis
682 3037 814 3121 corporis
837 3039 885 3103 sui
906 3039 1022 3115 tectus,
1044 3037 1218 3102 nuditatem
1232 3055 1322 3101 suam

161 3163 187 3205 :a
197 3139 301 3206 diuino
312 3157 436 3206 munere
450 3140 612 3206 nesciebat.
636 3141 687 3205 hic
701 3140 843 3223 quotiens
856 3160 928 3206 eum
941 3139 1078 3224 religiosi
1092 3139 1153 3204 niri
1168 3139 1252 3203 adire
1265 3154 1321 3202 uo·
1332 3150 1352 3206 4

196 3241 333 3321 luerumt,
357 3261 448 3307 cumn
462 3241 533 3308 onia
547 3243 652 3324 petens
666 3261 827 3308 occursum
841 3242 961 3309 uitabat
981 3243 1159 3307 humanum.
1183 3241 1238 3306 uni
1251 3245 1321 3306 tan·

196 3344 354 3411 tummodo
369 3344 524 3412 ferebatur
544 3363 576 3410 so
597 3347 667 3412 ante
687 3346 929 3429 quinquennium
944 3345 1134 3431 praebuisse,
1157 3345 1211 3427 qni
1234 3345 1322 3409 credo

248 3550 520 3621 ledentemergoF
568 3551 656 3608 2non
667 3549 811 3606 referendis
824 3549 856 3604 F
908 3548 1084 3606 diatescente
1097 3548 1128 3603 F
1176 3548 1272 3604 4snnt
1284 3546 1317 3600 V:

195 3639 284 3692 essent
295 3637 368 3692 AFo
390 3639 401 3706 ΙΙ
423 3637 527 3691 ieiunus
543 3636 579 3690 V:
598 3636 692 3690 ieiunii
704 3635 739 3690 M
744 3675 750 3699 ,
764 3635 792 3688 in
804 3634 913 3688 ieiuniis
925 3634 999 3689 AFo
1050 3635 1069 3692 5
1089 3650 1149 3688 cum
1160 3633 1321 3687 ABFMV:

195 3725 282 3778 tunic
304 3724 316 3792 11
339 3721 436 3776 hibicis
452 3723 479 3777 V
487 3722 541 3790 (cui
552 3737 645 3776 nomen
658 3724 700 3776 est
711 3721 802 3776 dorcas
815 3719 880 3774 Bet
892 3719 975 3773 leod.
994 3718 1090 3788 Gieel.)
1163 3718 1180 3776 6
1199 3719 1284 3772 stanti
1296 3719 1324 3774 A

76 3829 80 3836 ·
196 3825 264 3864 corr.
278 3810 310 3862 ic
322 3809 423 3862 astanti
486 3807 610 3864 'thestia
627 3807 662 3860 V:
680 3805 821 3861 feraAVh
903 3803 939 3861 13
958 3803 1129 3859 solitudinem
1141 3805 1229 3859 Roew.
1243 3811 1269 3858 et
1284 3803 1322 3858 V:

196 3893 352 3950 solitudines
373 3892 446 3949 AFo
477 3893 489 3962 ΙΙ
521 3893 680 3947 constitutos
701 3891 732 3947 F
825 3889 861 3946 17
879 3888 991 3944 Antonii
1011 3889 1084 3945 AFo
1115 3891 1127 3958 ΙΙ
1158 3888 1276 3942 hodiem
1297 3888 1328 3944 F

248 3979 284 4038 19
302 3979 457 4034 deuersatus
472 3980 499 4034 V
547 3978 586 4036 20
602 3979 695 4048 iugum
716 3976 798 4030 etiarn
815 3978 858 4042 A,·
876 3991 943 4029 sane
954 3974 1038 4028 etiem
1049 3975 1095 4028 :cel
1106 3975 1263 4029 coniunctio
1274 3974 1322 4029 dc·

195 4066 348 4135 Merctor,
369 4067 434 4134 fort.
452 4065 560 4120 rubrum
572 4081 606 4118 m.
628 4063 697 4129 uidi,
716 4061 774 4117 nidi
786 4062 880 4131 iugum
892 4067 938 4115 etc.
962 4063 975 4130 ΙΙ
997 4060 1096 4114 mentis
1113 4059 1205 4114 AFV:
1222 4059 1322 4114 montis

197 4151 319 4207 adscendi
335 4169 351 4206 o
367 4151 451 4220 foedo
463 4150 674 4219 interpolatione
691 4151 703 4217 ll
720 4163 844 4202 cacumen
857 4147 944 4202 Rosco.
959 4152 985 4200 et
1001 4146 1036 4200 V:
1055 4162 1186 4199 summum
1199 4161 1323 4202 cacumen

196 4235 267 4293 'AFo
289 4239 301 4305 ΙΙ
323 4240 365 4291 est
376 4239 404 4291 et
419 4237 457 4291 V:
479 4251 526 4290 ora.
540 4235 612 4290 AFu
664 4233 700 4290 21
720 4235 777 4288 eius
789 4233 859 4302 (non
870 4233 927 4287 eius
940 4230 1051 4300 montis)
1067 4231 1103 4284 V.-
1115 4230 1194 4284 hnins
1207 4233 1280 4286 AFo
1299 4232 1312 4300 ΙΙ

197 4323 295 4392 aliquis
308 4323 378 4377 Ano
430 4321 468 4378 22
486 4321 559 4375 dium
582 4321 607 4374 V
655 4321 693 4376 23
712 4319 840 4372 antelam
852 4317 891 4381 F,
910 4317 965 4369 iam
977 4331 1025 4369 om.
1039 4317 1067 4369 A
1119 4317 1158 4372 24
1175 4333 1225 4370 nso
1237 4316 1282 4370 sed
1294 4317 1322 4372 A

207 4411 219 4477 11
242 4409 324 4462 saetis
337 4407 405 4462 FV:
424 4407 490 4462 sctis
502 4407 546 4462 Ao
598 4406 636 4464 25
655 4404 789 4459 nesciebat
802 4403 871 4457 BV:
890 4400 1024 4456 nestiebat
1036 4401 1120 4469 AFo,
1140 4403 1175 4469 cs.
1189 4403 1323 4457 deProto

197 4493 234 4549 od
254 4495 279 4550 le
301 4494 318 4548 l.
389 4492 427 4550 26
445 4508 581 4547 occursum
601 4508 625 4546 n
648 4491 793 4546 humanum
817 4489 856 4543 V:
875 4502 1032 4558 congressus
1053 4503 1078 4542 n
1101 4487 1229 4542 humanos
1249 4487 1323 4544 AFc
