3300 5142
641 574 715 646 Gap.
736 574 856 635 15-16.
1274 574 1316 637 99

188 728 445 812 ignisuiolentia
463 732 591 815 cogente
611 731 740 815 spiritus
759 730 906 815 pasoitur.
929 728 980 795 bic
1001 731 1049 794 est
1068 728 1167 793 exitus
1188 726 1346 809 finisque5

189 833 302 911 uester,
317 832 394 898 baec
408 833 455 898 est
469 852 566 916 poena
580 853 674 917 quem
687 853 744 918 pro
759 834 894 916 deceptis
905 832 1081 898 hominibus
1092 832 1176 913 Deus
1188 831 1315 895 statuit:

189 936 226 999 nt
239 936 396 1018 perpetuis
411 936 519 1002 ardeat
531 936 668 1003 flammis
690 937 744 1022 qui
764 928 869 1002 contra
888 936 1083 1001 uoluntatem
1096 934 1155 1000 Dei
1169 934 1318 999 miserum

189 1039 347 1104 bominem
362 1039 418 1103 aut
431 1037 552 1121 decepit
565 1041 621 1106 aut
634 1040 779 1125 perdidit.
803 1040 875 1105 uolo
890 1058 962 1103 sane
978 1037 1143 1122 diligenter
1164 1036 1318 1119 inquirere

152 1166 166 1205 a
189 1141 278 1206 cuius
293 1141 451 1208 Mineruae
465 1143 523 1208 boo
542 1144 655 1209 uolunt
679 1162 745 1210 esse
767 1144 909 1227 signnm:
931 1143 1035 1225 plures
1056 1140 1139 1207 enim
1161 1140 1317 1205 Mineruas

189 1243 285 1309 fuisse
300 1245 421 1310 constat
434 1264 490 1311 nec
505 1246 618 1329 aliquis
632 1248 665 1312 in
679 1248 742 1312 ista
756 1248 844 1330 parte
860 1246 1012 1312 dissentit.
1036 1244 1191 1330 singulare
1211 1243 1317 1324 itaque

189 1366 301 1432 genus,
330 1348 528 1431 institutum,
566 1352 666 1417 artem
687 1352 940 1434 propositumque
956 1350 1115 1443 dicamus,
1153 1346 1189 1410 ut
1210 1364 1246 1409 er
1267 1344 1317 1407 bis

189 1451 333 1515 omnibus
354 1452 487 1518 inueniri
513 1454 611 1537 possit
636 1440 817 1520 Palladium
839 1453 927 1518 cuius
948 1453 1108 1519 Mineruae
1130 1450 1173 1515 sit
1193 1448 1316 1515 nomine

189 1555 409 1620 consecratum.
450 1563 456 1577 ’

154 1687 180 1727 ro
233 1654 373 1740 Quinque
394 1658 550 1724 Mineruae
572 1659 667 1727 fuisse
693 1659 868 1745 legentibus
895 1657 984 1722 nobis
1011 1656 1108 1721 tradit
1136 1655 1312 1737 antiquitas.
1327 1648 1366 1711 16

188 1778 251 1824 nna
267 1760 452 1826 estVulcani
466 1761 548 1840 filia,
564 1781 641 1845 quae
656 1761 793 1828 Athenas
809 1760 961 1839 condidit,
983 1779 1075 1842 quam
1091 1779 1127 1824 er
1141 1760 1315 1844 agrestibus

189 1860 266 1925 locis
288 1861 329 1927 ed
351 1864 484 1929 urbanae
505 1865 746 1930 conuersationis
767 1863 906 1929 ordinem
925 1863 1042 1928 metica
1062 1863 1155 1928 turba
1170 1862 1318 1927 comitata

190 1966 247 2029 est.
271 1965 409 2031 ruitaria
423 1967 456 2031 in
469 1966 613 2052 Aegypto
627 1967 694 2032 Nili
708 1967 791 2052 regis
805 1967 886 2045 filie,
902 1965 1053 2031 textrinae
1064 1966 1140 2031 artis
1152 1966 1317 2050 magistra:

189 2068 284 2132 tertia
308 2086 382 2133 nero
406 2071 494 2152 patre
520 2069 651 2136 Saturno
667 2071 772 2156 genita
786 2072 850 2150 est,
876 2069 930 2136 sed
944 2069 1022 2134 hanc
1036 2068 1208 2153 uimginem
1223 2067 1318 2133 fuisse

154 2174 449 2239 recommemorent:
472 2192 545 2238 nam
570 2192 739 2257 numquam
766 2192 799 2238 ee
823 2174 906 2238 intra
925 2171 1053 2238 feminei
1067 2190 1156 2236 serus
1171 2189 1317 2237 uerecun-

190 2271 277 2337 diam
291 2274 401 2354 tennit‚
417 2275 471 2340 sed
485 2294 571 2341 arma
585 2295 705 2359 semper
719 2277 944 2359 strepitumque
957 2294 1131 2359 pugnarum
1146 2274 1177 2339 et
1192 2274 1318 2339 cruenta

190 2376 297 2441 secuta
321 2378 369 2442 est
393 2378 497 2443 studia
521 2378 682 2445 bellorum.
716 2382 827 2462 quarta
843 2378 927 2444 Ionis
942 2376 1055 2444 Cretici
1070 2378 1151 2461 regis
1167 2376 1228 2441 ruit
1242 2376 1316 2454 filie,

191 2496 270 2561 quae
290 2481 425 2545 occisum
446 2482 529 2564 patri
544 2482 658 2547 detulit
672 2482 829 2548 Libemm.
850 2482 855 2565 1
875 2482 983 2565 quinta
1008 2480 1149 2546 Pallante
1174 2482 1260 2563 patre
1285 2480 1433 2545 utrumn.

192 2581 336 2647 Titanide
351 2586 451 2649 matre
466 2586 533 2650 orta
547 2586 609 2665 est,
632 2604 709 2668 quae
728 2586 826 2669 petris
847 2585 1001 2669 appellata
1014 2584 1136 2650 nomine
1151 2583 1255 2648 Pallas
1270 2584 1345 2648 esta

153 2685 231 2749 acab
251 2685 427 2752 bominibus
453 2689 637 2771 nuncupata.
666 2688 741 2754 haec
765 2688 961 2771 parricidalis
986 2687 1123 2753 amentia
1149 2687 1260 2752 furoris
1287 2687 1318 2751 et

191 2806 342 2855 uaesanae
366 2791 552 2857 temeritatis
577 2792 727 2857 instinctu
752 2793 874 2875 patrem
894 2791 1069 2857 Pallantem
1090 2788 1206 2855 crudeli
1221 2789 1319 2853 morte

191 2891 351 2976 iugularit
374 2913 431 2959 nec
456 2894 591 2977 simplici
615 2895 713 2977 patris
736 2895 837 2959 morte
862 2895 1020 2971 contenta,
1043 2895 1080 2958 ut
1094 2892 1213 2957 diutius
1227 2891 1320 2957 melis

192 2995 258 3058 suis
272 2995 425 3063 frueretur
440 3000 472 3063 et
485 2999 523 3063 ut
536 2998 574 3062 de
588 2999 687 3062 morte
702 2997 799 3080 patris
827 2996 981 3062 cmdslius
1004 2996 1225 3078 triumpharet,
1247 3014 1321 3059 exn-

193 3098 255 3163 uiis
270 3100 404 3181 corporis
418 3101 484 3165 eius
499 3101 623 3165 ornatae
638 3101 766 3177 suntsi,
789 3100 825 3164 ut
840 3098 998 3182 parricidii
1019 3098 1137 3163 facinus
1154 3117 1188 3162 ex
1203 3096 1321 3162 crudeli

156 3223 183 3263 as
195 3201 398 3267 ostentatione
410 3203 591 3285 publicaret.
614 3203 708 3268 buius
722 3205 770 3268 est
784 3202 979 3279 Palladium,
1000 3200 1169 3285 pronefas,
1198 3200 1321 3265 nomine

195 3306 421 3383 consecratum,
443 3305 519 3371 haec
533 3306 581 3370 est
594 3306 700 3371 Pallas
716 3325 794 3388 quae
809 3306 939 3383 colitur,
962 3304 1039 3369 baec
1059 3306 1106 3369 est
1127 3323 1204 3385 qnae
1219 3303 1321 3386 ponti·

194 3404 278 3470 ficali
294 3406 361 3490 lege
375 3411 531 3487 seruatur,
555 3410 587 3473 et
602 3410 688 3474 cuius
703 3408 823 3473 facinus
845 3407 982 3473 seuerius
1003 3407 1142 3472 damnari
1164 3406 1320 3484 debuerat,

196 3506 261 3573 eius
282 3509 385 3593 imago
406 3510 586 3593 suppliciter
606 3511 758 3577 adoratur.
789 3510 934 3592 adponite
955 3510 1077 3594 ignem,
1101 3511 1211 3594 augete
1231 3508 1322 3573 flam·

195 3630 277 3690 mas,
301 3615 337 3677 ut
358 3613 537 3678 cottidianis
563 3614 721 3679 sacrificiis
749 3614 862 3678 uestris
888 3612 987 3678 discat
1012 3611 1125 3677 erdere.
1150 3612 1224 3694 quid
1239 3612 1322 3676 enim

157 3717 330 3785 remoretur
350 3716 436 3781 aliud
455 3716 607 3799 parricida
631 3717 691 3781 nisi
711 3720 748 3781 ut
769 3717 918 3799 perpetua
938 3715 1112 3781 imitatione
1126 3715 1322 3780 flammarum

247 3938 262 3995 1
277 3941 387 4008 cogente
396 3954 460 3992 noe:
474 3939 619 4007 cogentiP,
630 3937 765 4007 congeniti
774 3954 800 4002 a,
811 3937 929 4007 cogentis
939 3938 1066 3991 Bursian
1108 3936 1144 3992 16
1155 3936 1322 4005 strepituque

195 4024 222 4077 P
258 4023 294 4081 19
304 4024 503 4079 TritonideJos.
513 4024 689 4093 Sccliper;at
697 4042 724 4077 u.
732 4022 1212 4090 Glem.Ale:c.Protr.2etAmpelium
1221 4026 1247 4087 9,
1257 4027 1294 4076 10

195 4110 230 4166 21
248 4126 362 4176 uesanee
375 4111 416 4164 P:
436 4110 621 4164 uesanaecdcl.
676 4110 714 4166 23
733 4109 837 4163 exubiis
850 4110 877 4163 P
928 4108 968 4164 24
985 4110 1077 4174 ornate
1091 4108 1207 4175 suutR:
1227 4110 1322 4161 ornata

194 4199 237 4249 est
248 4213 278 4262 a,
296 4199 374 4250 ornat
386 4199 490 4250 scutum
502 4197 570 4250 coni.
585 4196 727 4263 Bermion,-
745 4197 810 4263 fort.
832 4197 942 4249 ornatae
964 4197 1026 4248 sunt
1047 4210 1155 4262 manus,
1174 4200 1205 4247 ut
1224 4194 1323 4248 Pallae

194 4281 227 4334 in
244 4299 374 4336 cesorum
390 4283 557 4352 imaginibus
578 4288 805 4350 repraesentatur
825 4281 966 4335 brachium
988 4280 1084 4349 cepido
1104 4285 1321 4348 corrumperem,

195 4384 278 4436 quom
286 4370 407 4422 boetrbue
415 4370 523 4423 obuium
532 4370 589 4435 fert
595 4389 604 4436 ,·
615 4370 651 4435 cf.
663 4367 692 4422 0.
699 4368 821 4420 Mueller
827 4366 1120 4433 DenturdlerLIO,37.
1129 4366 1170 4433 II,
1179 4368 1222 4428 21,
1229 4368 1287 4418 229

196 4452 235 4512 25
253 4455 319 4523 proh
332 4472 350 4507 a
410 4454 449 4511 29
467 4453 554 4508 discat
567 4454 710 4509 Bursian:
728 4452 854 4519 dicatP,
873 4452 1008 4507 dicetnra
1072 4450 1111 4508 30
1128 4451 1322 4519 mutationem

196 4541 263 4607 sort.
273 4540 479 4595 circumdatione

1076 4624 1119 4688 7*
