3300 5142
724 553 796 623 cap.
816 554 862 611 28·
1276 557 1335 622 125

206 712 423 777 timueritis
446 700 532 790 eos'‚
561 714 593 776 et
616 713 652 776 ut
677 712 871 776 sacerdotum
897 728 1003 776 eorum
1029 711 1179 776 miserum
1205 712 1335 777 dedecus

207 815 374 893 monstret,
397 814 499 879 addit:
533 805 582 879 ‘in
604 814 780 879 domibus
802 831 930 878 eorum
956 814 1178 881 sacerdotes
1201 816 1336 880 sedent

206 918 396 983 habentes
418 918 571 983 tunicas
593 918 734 982 scissas
763 920 800 982 et
828 918 958 1001 capita
980 919 1017 983 ct
1040 917 1178 983 barbas
1205 935 1334 993 rasas,

207 1038 366 1104 quorum
388 1022 515 1103 capita
535 1021 636 1086 nuda
657 1022 762 1088 sunt:
785 1021 949 1106 rugiunt
972 1024 1099 1087 autem
1123 1022 1335 1086 clamantes

173 1146 185 1183 a
207 1126 340 1191 contra
355 1124 443 1188 deos
458 1142 546 1189 suos
560 1125 667 1190 sicut
687 1125 725 1189 in
749 1124 921 1209 gehenna
942 1113 1108 1190 mortui'
1132 1125 1214 1207 quod
1228 1126 1364 1189 autema

208 1230 240 1294 ct
253 1247 341 1312 reges
356 1229 388 1293 et
401 1228 509 1311 gentes
523 1228 599 1294 haec
613 1227 741 1309 deipsis
755 1228 987 1311 pronuntiaturi
1002 1230 1093 1307 sunt,
1117 1228 1144 1292 is
1164 1228 1248 1293 idem
1264 1245 1335 1311 pro-

207 1331 300 1414 pheta
314 1350 463 1415 praesaga
476 1349 551 1397 uoce
565 1331 730 1416 significat,
746 1332 792 1396 ait
806 1324 1337 1416 enim:‘scieturposteaquia

208 1434 310 1499 falsa
332 1436 421 1500 sunt
443 1435 625 1519 gentibus
646 1434 849 1500 uniuersis
878 1435 914 1500 et
941 1434 1115 1519 regibus,
1150 1434 1240 1517 quia
1261 1452 1335 1497 ma·

208 1537 395 1604 nifastem
420 1540 480 1605 cst
502 1539 591 1621 qnia
613 1538 860 1604 nonsuntdii
876 1538 1261 1622 etnullnmd‘eiopus
1277 1538 1336 1601 est

174 1644 250 1707 rein
270 1643 383 1726 ipsis:
406 1661 533 1727 regem
555 1641 707 1726 regioni
730 1661 800 1707 non
822 1642 1075 1707 suscitabunt
1098 1660 1222 1723 neque
1249 1640 1335 1724 plu-

207 1748 309 1812 uiam
331 1745 557 1810 hominibus
579 1744 740 1820 dabunt;
771 1744 967 1810 iudicium
989 1763 1142 1827 quoque
1163 1762 1236 1808 non
1258 1744 1335 1807 dis-

208 1850 363 1915 cernent
384 1866 505 1930 neque
527 1848 725 1933 regionem
746 1847 976 1913 liberabunt
998 1848 1041 1912 ab
1064 1846 1224 1927 iniuria,
1247 1846 1337 1928 quia

208 1953 313 2018 nihil
334 1953 515 2034 possunt:
538 1953 577 2015 et
599 1970 681 2015 cum
703 1952 896 2017 inciderit
916 1952 954 2016 in
970 1951 1078 2017 domo
1094 1952 1248 2015 deorum
1263 1950 1336 2032 lig-

208 2072 364 2121 neorum
394 2056 431 2119 et
461 2056 732 2120 inauratorum
763 2059 801 2120 et
836 2056 1179 2139 inargentatorum
1212 2054 1335 2138 ignis,

174 2158 434 2224 rosacerdotes
456 2158 619 2223 illorum
641 2158 930 2237 liberabuntur,
968 2157 1047 2240 ipsi
1070 2160 1200 2224 autem
1227 2158 1337 2223 sicut

208 2262 338 2329 trabes
360 2262 399 2328 in
420 2262 546 2327 medio
569 2261 858 2339 comburentur,
896 2260 979 2345 regi
1012 2261 1140 2326 autem
1167 2262 1205 2325 et
1233 2260 1336 2326 bello

208 2384 280 2431 non
301 2366 502 2431 resistent.
538 2364 721 2446 quomodo
743 2364 1049 2429 existimandum
1078 2366 1136 2429 est
1158 2364 1219 2428 uel
1241 2363 1336 2429 roci-

208 2470 389 2553 piendnm
410 2467 505 2550 quia
526 2468 616 2532 sunt
637 2468 715 2532 dii?
739 2487 861 2551 neque
883 2488 901 2533 a
924 2467 1076 2532 iuribus
1098 2486 1218 2549 neque
1241 2487 1259 2531 a
1281 2467 1336 2531 la-

208 2572 385 2638 tronibus
408 2591 447 2636 se
469 2571 696 2636 liberabunt
718 2571 773 2637 dii
795 2572 922 2657 lignei
944 2574 981 2636 et
1014 2572 1144 2637 aurati
1173 2572 1210 2637 et
1235 2572 1336 2635 inar-

174 2676 380 2759 aguniati,
404 2675 549 2758 quibus
570 2674 611 2740 hi
633 2676 697 2757 qui
720 2675 844 2741 fortes
872 2677 961 2741 sunt
991 2695 1123 2740 aurum
1146 2676 1183 2739 et
1205 2694 1336 2759 argen-

209 2779 289 2843 tum
311 2798 382 2861 quo
405 2779 537 2861 operti
559 2780 648 2842 sunt
669 2778 852 2843 auserunt
875 2771 984 2844 illis'
1016 2779 1148 2858 Tollite,
1172 2778 1272 2842 tollite
1287 2795 1368 2847 sec

209 2882 285 2961 curi,
307 2880 512 2947 sacratissimi
527 2882 737 2962 imperatores,
760 2882 939 2946 ornamenta
953 2882 1156 2963 templorum:
1172 2881 1243 2946 deos
1259 2882 1336 2946 istos

210 2987 265 3050 aut
279 2987 420 3050 monetae
435 2984 520 3069 ignis
536 2985 591 3049 aut
604 2984 805 3049 metallorum
819 2987 932 3068 coquat
946 2984 1086 3064 flamma,
1121 2986 1246 3051 donaria
1268 2985 1337 3049 uni-

209 3106 298 3154 uersa
313 3088 353 3153 ad
366 3087 539 3153 utilitatem
550 3089 688 3152 uestram
699 3087 931 3170 dominiumque
943 3088 1116 3153 transferte.
1140 3091 1210 3171 post
1220 3088 1337 3153 excidia

174 3191 398 3274 artemplorum
412 3191 444 3254 in
468 3191 569 3255 maius
590 3190 650 3254 Dei
676 3191 751 3255 estis
777 3191 895 3257 uirtute
909 3192 1062 3275 prouecti:
1085 3191 1206 3256 uiolatis
1221 3193 1335 3269 hostes,

209 3292 404 3377 propagastis
418 3292 585 3376 imperinm
599 3295 646 3371 et,
662 3296 698 3357 ut
712 3294 883 3358 uirtutibus
898 3295 1011 3359 uestris
1025 3294 1124 3378 gloria
1138 3294 1235 3359 maim
1250 3312 1336 3359 acce-

210 3395 310 3473 deret,
334 3397 455 3461 mntado
470 3416 506 3461 ac
521 3398 696 3479 contempto
713 3397 890 3480 temporum
909 3398 1014 3462 ordino
1040 3398 1157 3474 hieme,
1181 3399 1261 3481 quod
1281 3417 1337 3463 nec

209 3498 390 3565 factumest
405 3499 569 3582 aliquando
589 3500 594 3580 Ι
612 3518 668 3564 nec
682 3499 745 3578 fiet,
760 3500 916 3565 tumentes
931 3519 966 3566 ac
981 3502 1151 3566 saeuientes
1164 3502 1261 3567 undas
1273 3501 1336 3566 cal·
1347 3522 1392 3563 aa.
1402 3523 1449 3567 soa.

210 3602 305 3667 castis
320 3600 449 3667 Oceani:
472 3603 530 3666 sub
545 3604 639 3667 remis
654 3603 768 3668 uestris
782 3603 933 3688 incogniti
949 3604 1014 3669 iam
1028 3605 1116 3670 nobis
1131 3624 1227 3689 paene
1241 3604 1336 3669 maris

174 3706 292 3773 munda
306 3706 491 3771 contremuit
511 3707 544 3770 et
563 3706 752 3787 insperatam
767 3705 960 3788 imperatoris
976 3706 1087 3772 faciem
1101 3708 1268 3775 Britannus
1284 3727 1336 3773 ex-

208 3809 305 3891 pauit.
329 3808 404 3890 quid
419 3808 553 3892 amplius
568 3808 687 3874 uultis?
702 3808 874 3875 uirtutibus
889 3810 1001 3875 uestris
1013 3810 1097 3877 uicta
1108 3810 1259 3876 elementa
1271 3830 1336 3877 css-

209 3913 323 3978 seront.
347 3911 428 3993 quod
443 3913 547 3977 autem
562 3913 645 3976 Deus
660 3912 767 3978 iubeat
781 3912 866 3978 idola
880 3932 940 3978 non
955 3913 1022 3979 fieri
1038 3914 1247 3979 sacrosanctae
1258 3914 1364 3998 legis?

311 4098 330 4155 2
348 4114 388 4167 ep.
401 4098 475 4153 Hier.
489 4098 528 4155 30
540 4114 577 4168 sq.
632 4099 649 4155 7
668 4098 704 4153 ib.
717 4098 839 4158 50-57.

260 4270 279 4327 9
296 4286 363 4340 opns
374 4271 413 4325 sit
424 4288 443 4324 a
496 4270 534 4328 10
550 4270 672 4340 plubiam
683 4272 712 4326 P
764 4270 801 4328 19
814 4270 933 4326 inaurati
946 4273 1062 4326 maletot
1075 4274 1157 4327 Burs.
1211 4272 1248 4330 21
1263 4274 1336 4327 onse-

210 4358 300 4410 rcnto
349 4357 386 4415 28
404 4357 529 4412 calcastis
552 4357 651 4414 Oceani
671 4357 721 4411 snb
741 4358 822 4412 remis
835 4357 946 4411 neruis:
965 4358 1096 4428 incogniti
1117 4359 1216 4429 cutem
1234 4360 1337 4413 recitas

210 4443 295 4497 acerbo
306 4443 435 4499 distinxit
449 4442 603 4510 Schcffcrus
615 4444 647 4498 in
658 4444 739 4499 Micc.
757 4443 867 4499 ocean
882 4444 931 4499 IX
929 4486 938 4514 ,
951 4448 1005 4500 168
1070 4444 1110 4502 30
1126 4444 1262 4501 brittanos
1276 4446 1302 4499 P

210 4530 245 4586 31
264 4529 348 4583 uultis
360 4529 476 4599 amplius
489 4547 507 4583 o
