3300 5142
337 523 377 587 12
756 517 900 572 Minucii
918 517 1048 572 Felicis

334 711 504 778 cognomen
523 693 668 778 adposuit
689 693 874 776 antiquitas,
897 693 951 775 qui
972 693 1101 774 uterque
1121 691 1225 757 nullos
1247 691 1319 756 deos
1337 692 1463 757 adseue-

336 798 430 862 rando
445 797 591 862 timorem
605 815 745 875 omnem,
768 815 828 878 quo
844 796 1021 860 humanitas
1035 796 1165 878 regitur,
1178 796 1464 876 uenerationemque

335 901 460 982 penitus
475 899 684 965 sustulerunt:
699 918 869 981 numquam
884 901 989 964 tamen
1004 899 1036 962 in
1051 898 1108 962 hac
1123 899 1283 982 inpietatis
1303 898 1466 980 disciplina

307 1003 504 1068 ssimulatae
524 1002 736 1085 philosophiae
750 1003 873 1067 nomine
894 1003 986 1084 atque
1001 1001 1185 1067 auctoritate
1200 1001 1369 1084 pollebunt.
1393 1021 1461 1066 cum

335 1105 506 1170 Abderiten
533 1104 735 1189 Protagoram
761 1104 964 1170 Athenienses
992 1105 1052 1170 uin'
1084 1105 1222 1171 consulte
1242 1105 1346 1188 potius
1371 1123 1499 1188 quamn

334 1210 462 1290 profane
477 1209 516 1274 de
530 1208 698 1273 diuinitate
713 1208 924 1291 disputantem
939 1209 971 1274 et
986 1207 1159 1290 expulerint
1173 1209 1237 1273 suis
1258 1208 1372 1272 finibus
1387 1209 1462 1272 etin

336 1312 477 1377 contione
492 1311 558 1376 eius
573 1312 689 1395 scripta
703 1311 892 1387 deusserint,
916 1310 992 1393 quid
1005 1311 1145 1376 homines
1161 1310 1368 1394 (sustinebitis
1384 1311 1463 1375 enirn

337 1433 388 1479 mc
402 1414 556 1497 impetum
576 1416 737 1496 susceptae
752 1414 881 1479 actonis
907 1413 1034 1478 liberius
1049 1413 1234 1496 exerentem)
1249 1413 1401 1489 hemines,
1417 1415 1464 1478 in·

337 1535 448 1599 qnam,
473 1517 667 1600 deploratae,
690 1517 829 1583 inlicitae
856 1535 892 1582 ac
913 1517 1090 1600 desperatae
1111 1516 1255 1582 factionis
1278 1517 1410 1602 grassari
1433 1517 1465 1581 in

308 1619 410 1685 4doos
423 1639 484 1686 non
498 1621 768 1704 ingemescendum
779 1622 848 1686 est?
871 1621 924 1702 qui
940 1620 977 1686 de
993 1620 1106 1685 ultima
1120 1621 1203 1686 faece
1214 1619 1352 1686 collectis
1366 1621 1464 1704 impe-
1474 1642 1503 1682 ro

337 1724 497 1789 ritiorihus
518 1726 551 1790 et
570 1723 754 1789 mulieribus
775 1724 909 1788 credulis
933 1742 1022 1788 sexus
1043 1723 1092 1788 sui
1112 1723 1266 1789 facilitate
1292 1723 1466 1788 labentibus

337 1826 459 1909 plebem
487 1827 631 1910 profanae
659 1828 877 1893 cenimatienis
904 1827 1088 1906 instituunt,
1114 1847 1191 1910 quae
1213 1827 1370 1893 nocturnis
1395 1845 1465 1892 con·

336 1931 571 2014 gregatiouibus
586 1933 618 1996 et
633 1931 757 1996 ieiuniis
772 1931 973 1997 sollemnibus
989 1933 1020 1995 et
1031 1931 1207 1996 inhumanis
1223 1931 1300 1996 cibis
1311 1947 1371 1995 nen
1383 1947 1466 1994 sacro

338 2033 486 2115 quodam,
508 2035 562 2099 sed
582 2033 704 2117 piaculo
727 2034 915 2112 foederatur,
939 2033 1092 2099 latebrosa
1112 2037 1144 2099 et
1157 2032 1297 2118 lucifuga
1310 2033 1411 2110 natio,
1433 2031 1465 2096 in

337 2137 499 2219 publicum
513 2140 619 2216 muta,
636 2138 669 2203 in
683 2139 808 2222 angulis
822 2137 964 2221 garrula:
985 2137 1102 2219 templa
1115 2138 1152 2200 ut
1171 2137 1262 2202 busta
1282 2135 1464 2218 despiciunt
1472 2165 1499 2205 rs

337 2239 410 2305 daos
424 2242 596 2324 despuunt,
617 2241 719 2307 rident
738 2259 839 2320 sacra,
861 2241 1046 2306 miserentur
1065 2240 1171 2306 miseri
1185 2239 1264 2321 ipsi,
1291 2239 1317 2304 si
1338 2238 1386 2304 fas
1406 2239 1462 2309 esu

308 2344 547 2422 sacerdotum,
567 2344 695 2411 honores
710 2345 742 2410 ct
755 2361 906 2426 purpuras
927 2343 1114 2426 despiciunt,
1135 2343 1194 2426 ipsi
1217 2343 1386 2420 seminudi,
1406 2359 1460 2424 pro

338 2448 418 2513 mira
433 2448 571 2514 stultitia
586 2450 618 2513 et
632 2447 822 2513 incredibilis
841 2447 984 2513 audacia!
1007 2449 1153 2528 spernunt
1164 2448 1317 2512 tormenta
1326 2465 1467 2528 praesen-

337 2551 399 2629 tia,
415 2551 491 2615 dum
512 2551 630 2616 incerta
649 2552 794 2616 moturmt
813 2551 846 2615 et
868 2551 988 2626 futura,
1010 2551 1042 2615 et
1063 2549 1137 2615 dum
1153 2549 1231 2615 mori
1245 2550 1315 2631 post
1336 2549 1467 2613 mortem

338 2653 468 2731 bment,
490 2652 618 2718 interim
639 2653 793 2718 morinen
808 2653 937 2719 timent:
970 2653 1016 2718 ita
1031 2653 1097 2719 illis
1124 2671 1268 2734 pauorem
1284 2651 1380 2717 fallax
1399 2669 1502 2734 spesao

339 2756 452 2823 solacio
467 2757 606 2823 rediuiua
621 2757 791 2822 blanditur.

309 2861 330 2922 l
381 2860 429 2924 Ac
451 2861 531 2939 iam,
574 2863 609 2926 ut
631 2860 789 2926 fecundius
816 2861 962 2944 nequiora
985 2861 1184 2946 proueniunt,
1212 2857 1405 2941 serpentibus
1436 2858 1466 2922 in

340 2961 406 3028 dies
427 2963 557 3046 perditis
577 2964 714 3030 moribus
737 2983 792 3048 per
805 2967 984 3031 mucosum
1000 2966 1105 3031 orbem
1126 2963 1260 3030 sacraria
1279 2963 1340 3027 ista
1355 2962 1466 3026 taeter-

390 3136 410 3192 4
428 3135 556 3190 filosofiae
568 3135 596 3190 P
617 3137 629 3204 ΙΙ
652 3135 766 3205 pollebit
777 3151 812 3190 sc.
825 3134 874 3189 ille
886 3138 923 3203 (p.
938 3140 977 3199 11,
996 3137 1044 3204 23)
1058 3135 1194 3189 Dausnus
1247 3133 1266 3192 5
1284 3131 1467 3186 Abderitemr

349 3223 362 3288 11
379 3221 554 3290 Protagoram
566 3238 595 3275 r:
613 3221 738 3290 pitagora
750 3222 778 3275 P
793 3224 806 3289 ΙΙ
822 3220 876 3274 uiri
888 3221 1006 3275 consults
1028 3221 1069 3275 P:
1088 3219 1237 3274 inconsulte
1253 3218 1390 3285 Vrsinus;
1405 3221 1466 3285 pon

338 3307 394 3360 uiri
409 3306 530 3362 Vsenero
542 3307 681 3375 epitheton
691 3307 865 3361 intercidisse
876 3307 990 3362 uidetur
1034 3305 1341 3363 concinnitatem
1383 3303 1466 3356 lcon-

338 3391 413 3445 cicne
425 3391 485 3446 edd.
509 3395 522 3460 ΙΙ
544 3392 646 3446 scribta
658 3392 685 3447 P
706 3395 719 3461 11
737 3391 883 3446 deriserint
895 3409 910 3445 r
973 3392 991 3449 9
1009 3391 1131 3446 inlicitae
1144 3391 1178 3456 P,
1196 3397 1228 3445 ut
1240 3391 1310 3446 coni.
1333 3389 1464 3444 Vrsinus:

339 3477 451 3531 inclitae
468 3494 495 3542 r,
515 3479 672 3547 inquinatae
690 3479 724 3533 P.
742 3479 859 3544 Daniel,
887 3477 1040 3547 deploratae
1063 3477 1185 3530 malitiae
1207 3476 1263 3542 (acl
1282 3475 1416 3543 inscitiae)
1436 3487 1465 3526 ac

339 3562 410 3632 desp.
433 3563 526 3618 Vcncle
537 3565 662 3619 lecttlat.
671 3581 702 3632 p.
715 3568 751 3618 54
795 3563 834 3621 10
845 3563 1070 3634 ingemiscendum
1081 3563 1143 3616 edd.
1162 3565 1174 3630 ΙΙ
1192 3561 1284 3616 feceP
1329 3562 1364 3617 11
1377 3559 1466 3613 laben·

339 3649 454 3704 dibusP
510 3650 846 3707 lausannensem
863 3652 875 3720 ΙΙ
891 3666 958 3720 quae
971 3651 1028 3705 Pr:
1047 3650 1093 3718 qui
1106 3647 1257 3704 Heumann
1319 3645 1357 3704 13
1375 3646 1465 3699 solem·

339 3735 448 3790 nibusr
470 3739 482 3803 ΙΙ
502 3735 627 3790 humanis
641 3737 772 3790 Inndner
830 3737 867 3794 14
885 3736 1035 3790 foedaretur
1056 3735 1176 3790 Vclnen:
1194 3733 1364 3788 foederantur
1381 3733 1422 3786 Pr
1444 3733 1456 3798 l!

339 3822 461 3892 lucifuga
478 3822 630 3876 Heumann
647 3829 673 3877 et
692 3823 748 3877 iam
769 3829 835 3877 ante
851 3823 884 3877 P.
904 3821 1008 3876 Daniel
1020 3821 1109 3890 (apud
1125 3821 1306 3887 Wocoerum):
1335 3817 1466 3886 lucifugax

341 3910 384 3965 Pr
449 3910 487 3966 14
504 3909 533 3963 in
550 3907 692 3978 publicos
756 3909 794 3966 16
817 3909 980 3963 miserantur
1006 3909 1125 3962 Vrsinus
1148 3909 1160 3973 ΙΙ
1188 3905 1240 3975 ipsi
1258 3904 1417 3959 addidimus

343 3995 380 4052 18
398 3996 467 4049 mira
479 3997 586 4050 Pccrr.
605 4012 639 4049 ea
656 3995 767 4064 miram,
785 4001 817 4050 ut
835 3995 964 4063 uidetur;
982 4011 1015 4048 ac
1032 4009 1101 4048 sane
1118 3997 1290 4060 expectares:
1308 4005 1356 4060 pro
1373 3989 1467 4044 miram

340 4082 491 4135 stultitiam
500 4084 529 4135 et
540 4080 723 4136 incredibilem
736 4081 875 4136 audaciam
892 4085 904 4148 ΙΙ
922 4079 1088 4136 incredibilis
1094 4079 1129 4147 P,
1139 4077 1187 4132 sed
1198 4093 1302 4132 susara
1312 4078 1417 4144 factum
1428 4074 1468 4128 in·

340 4168 466 4222 credibili
519 4167 555 4224 19
574 4169 699 4222 metuunt
718 4167 810 4220 futura
827 4166 930 4221 Vseuer
981 4166 1019 4223 20
1035 4181 1160 4236 pauorem
1180 4165 1218 4218 P:
1236 4178 1320 4232 panor
1331 4165 1359 4217 et
1370 4177 1404 4228 e·;
1422 4175 1466 4231 pa·

341 4271 434 4309 uorum
456 4254 539 4309 fallax
560 4257 725 4324 Anonymus
738 4254 770 4308 tn
790 4253 906 4308 Miscell.
931 4253 1040 4308 Obsenu.
1061 4253 1085 4320 1,
1103 4267 1133 4320 p.
1151 4253 1206 4318 27;
1232 4263 1357 4320 pauorem
1375 4246 1469 4302 fallens

342 4340 476 4396 Dandum
488 4342 547 4396 coll.
560 4345 587 4409 3,
600 4345 618 4394 4
626 4360 636 4408 ‚·
653 4356 737 4409 praua
754 4342 783 4392 ct
793 4337 878 4392 fallax
894 4354 955 4408 spes
973 4339 1122 4407 Wopkens,
1146 4351 1243 4406 pauore
1263 4334 1347 4388 fallax
1359 4349 1419 4403 spes
1430 4347 1470 4386 so·

341 4426 414 4482 laeia
424 4427 478 4481 red.
490 4427 628 4482 Danaeius
674 4427 711 4483 21
725 4424 822 4479 solatio
833 4424 997 4489 rediuiuor,
1017 4424 1114 4479 solacia
1126 4421 1249 4476 rediuiua
1262 4421 1290 4475 P
1341 4421 1380 4478 23
1399 4435 1472 4475 sacra

342 4515 496 4569 Heumann
518 4515 531 4582 ΙΙ
552 4513 695 4567 teterrima
707 4513 750 4567 Pr
761 4513 800 4580 (p.
811 4514 856 4579 13,
866 4514 904 4565 23
917 4512 1027 4566 Praete
1038 4510 1137 4579 usur)
