3300 5142
359 543 380 608 6
455 543 464 556 ’
776 540 921 594 Minucii
940 539 1068 594 Felicis

329 701 348 762 l
400 697 503 782 Igitur
522 715 594 762 oum
614 714 719 762 omnes
740 696 799 762 bac
824 695 992 780 spectaculi
1011 695 1172 779 uoluptate
1192 713 1383 779 caperemur,
1407 692 1484 760 Cae-
1599 681 1600 702 i

358 799 449 867 cilius
463 799 544 866 nihil
568 798 725 864 intendere
749 817 848 882 neque
873 800 912 866 do
936 799 1129 865 contentione
1154 799 1270 878 ridere,
1296 799 1350 864 sed
1370 799 1484 876 boens,

329 905 482 982 rannus,
503 905 686 987 segregatus
705 902 808 968 dolere
828 903 930 969 nescio
945 903 1021 986 quid
1035 903 1128 969 uultu
1143 903 1308 969 fatebatur
1346 901 1397 968 oui
1411 921 1484 986 ego:

359 1004 441 1085 Quid
466 1007 524 1071 boc
548 1004 677 1070 estrei?
699 1023 754 1070 cur
778 1022 839 1070 non
860 1023 1007 1090 agnosco,
1029 1005 1158 1084 Caecili,
1180 1006 1375 1071 alacritatem
1397 1005 1484 1069 tuam

330 1109 470 1180 ailiam?
484 1108 615 1174 stillam
629 1107 788 1174 oculomm
803 1109 899 1175 etiam
914 1109 947 1174 in
958 1109 1047 1174 seriis
1061 1109 1255 1174 bibulatem
1270 1108 1400 1191 requiro.
1416 1109 1485 1172 tum
1505 1125 1517 1163 ι

358 1211 431 1278 ille:
447 1213 516 1277 Iam
527 1210 645 1276 dudum
656 1209 824 1277 meOctaui
838 1211 937 1278 nostri
948 1212 1060 1277 acuter
1070 1212 1158 1296 angit
1169 1213 1201 1278 et
1211 1210 1366 1276 remordet
1376 1209 1484 1286 oratio,

360 1333 422 1397 qna
436 1314 469 1379 in
489 1316 521 1379 te
535 1314 675 1379 inuectus
699 1313 878 1398 obiurgauit
893 1314 1122 1399 neglegentiae,
1138 1315 1175 1379 ut
1189 1333 1239 1380 me
1254 1313 1486 1379 dissimulanter
1601 1377 1602 1400 ,

329 1416 485 1503 ugranius
496 1417 837 1501 argueretinsoientiae.
854 1418 959 1501 itaque
973 1417 1149 1501 progrediar
1163 1417 1309 1483 ulterim:
1325 1417 1363 1482 de
1373 1417 1441 1481 toto
1453 1417 1485 1480 et

357 1520 478 1604 integro
490 1520 570 1585 mibi
579 1537 650 1584 cum
665 1517 794 1586 Octauio
809 1539 858 1586 res
870 1522 925 1586 est.
950 1521 977 1585 si
991 1521 1108 1602 placet,
1124 1521 1159 1584 ut
1171 1521 1269 1602 ipsius
1283 1521 1383 1586 sectae
1394 1518 1485 1584 homo

358 1640 430 1687 cum
450 1639 485 1687 oo
506 1622 678 1704 disputem,
699 1621 763 1687 iam
783 1621 920 1706 proiecto
935 1621 1096 1707 intelleget
1111 1622 1233 1688 facilius
1248 1641 1314 1688 esse
1330 1623 1363 1687 in
1377 1623 1518 1686 contu-1⁰

330 1724 536 1790 obemalibus
546 1725 705 1807 disputare
715 1744 810 1808 quam
821 1743 977 1792 conserere
992 1725 1192 1808 sapientiam:
1208 1727 1299 1791 modo
1314 1726 1347 1790 in
1363 1725 1433 1790 istis
1447 1725 1487 1789 ad
1602 1781 1603 1808 ,

357 1827 491 1894 tutebm
517 1828 697 1893 balnearum
717 1828 809 1893 iactis
836 1829 867 1893 at
892 1829 925 1893 in
939 1830 1039 1894 altum
1059 1829 1308 1913 procurrentibus
1329 1831 1486 1911 patrumm

358 1931 498 1996 obicibus
517 1931 704 2009 residamus,
720 1931 758 1996 ut
776 1933 809 1996 et
828 1931 1016 2013 requiescere
1037 1931 1075 1997 de
1094 1933 1204 1998 itinere
1218 1931 1371 2014 possimus
1391 1934 1424 1998 et
1437 1931 1486 1996 in-

331 2035 477 2100 sstentius
493 2034 659 2116 disputare.
683 2035 715 2100 et
728 2053 799 2100 cum
814 2035 898 2099 dicto
913 2035 979 2099 eius
994 2034 1185 2113 adsedimus,
1200 2035 1247 2100 ita
1262 2037 1298 2100 ut
1312 2054 1364 2100 me
1378 2053 1415 2100 ex
1428 2034 1486 2099 tri-

360 2137 418 2204 bus
432 2137 570 2203 medium
584 2137 691 2203 lateris
705 2137 874 2202 ambitione
889 2139 1103 2222 protegerent:
1126 2157 1182 2203 nec
1201 2137 1259 2203 boc
1284 2137 1412 2222 obsequi
1427 2137 1516 2203 faits
1603 2132 1604 2186 l

359 2240 538 2306 autordinis
552 2241 755 2319 anthenoris,
769 2241 882 2324 quippe
895 2259 967 2305 oum
982 2239 1123 2306 amicitia
1133 2259 1221 2323 pares
1234 2259 1355 2322 sempor
1370 2242 1426 2306 aut
1436 2259 1485 2306 ac-

358 2345 454 2427 cipiat
468 2346 524 2410 aut
537 2343 646 2421 iaciat,
662 2344 715 2408 sed
729 2345 766 2409 ut
779 2343 896 2409 arbiter
910 2343 942 2407 et
953 2343 1093 2426 utrisque
1107 2343 1264 2425 proximus
1278 2362 1368 2410 aures
1383 2343 1485 2410 darem

359 2450 391 2513 et
405 2448 611 2529 disceptantes
626 2447 702 2513 duos
716 2447 838 2512 medius
854 2465 1058 2531 segregarem.

332 2546 349 2605 ὅ
402 2549 484 2615 Tum
505 2549 550 2616 sic
570 2547 720 2615 Caecilius
740 2567 865 2615 exorsus
885 2552 947 2615 est:
976 2548 1171 2634 Quamquam
1193 2550 1268 2629 tibi,
1300 2551 1403 2616 Marce
1424 2550 1485 2616 fra·

358 2654 423 2730 ter,
445 2654 483 2717 de
503 2670 563 2736 quo
584 2671 656 2718 cum
670 2653 806 2718 maxime
824 2653 1001 2736 quaerimus
1023 2671 1084 2719 uon
1100 2652 1142 2720 sit
1157 2653 1355 2738 ambiguum,
1378 2656 1517 2737 utpoteu

359 2774 431 2820 cum
445 2754 612 2840 diligenter
625 2755 658 2820 in
672 2757 803 2836 uboque
817 2755 943 2821 uiuendi
967 2775 1076 2841 genere
1091 2758 1231 2822 uersatus
1251 2755 1423 2838 repudiaris
1438 2755 1485 2820 al-

359 2860 478 2936 terum,
500 2857 638 2922 dicum
658 2857 870 2939 conprobaris,
906 2859 939 2924 in
963 2860 1205 2941 praesentiarum
1225 2860 1330 2924 tamen
1355 2859 1402 2924 ita
1427 2858 1486 2923 tibi

359 2960 571 3026 informandus
582 2962 631 3026 est
645 2959 784 3040 animus,
809 2963 846 3026 ut
860 2960 973 3026 libram
989 2964 1092 3026 teneas
1107 2961 1287 3044 aequissimi
1301 2961 1414 3026 iudicis
1433 2979 1487 3026 noc

359 3063 393 3128 in
407 3063 539 3128 alteram
559 3065 680 3147 partem
699 3081 867 3146 propensus
888 3063 1063 3142 incumbas,
1086 3083 1124 3129 ne
1143 3083 1204 3130 non
1226 3067 1292 3129 tam
1312 3083 1348 3129 er
1373 3063 1487 3129 nostris

360 3165 623 3248 disputationibus
637 3167 710 3231 nata
724 3167 877 3232 sententia
892 3184 986 3248 qnam
1006 3186 1041 3232 ox
1062 3167 1125 3232 tuis
1148 3166 1288 3233 sensibus
1302 3168 1423 3251 prolata
1438 3167 1486 3232 ui-
1495 3183 1517 3224 τι

332 3267 478 3334 2dcatur.
501 3269 628 3352 proinde
642 3269 670 3333 si
681 3269 760 3333 mihi
774 3269 863 3351 quasi
878 3287 976 3334 nouus
987 3269 1083 3352 aliqui
1098 3273 1130 3335 et
1144 3270 1232 3353 quasi
1247 3270 1375 3355 ignarus
1389 3270 1487 3352 partis

360 3371 522 3454 ubiusquc
544 3371 699 3450 considas,
724 3371 848 3437 nullum
870 3373 1031 3456 negotium
1052 3375 1099 3439 ost
1119 3373 1304 3455 patefacere,
1331 3374 1436 3440 omnia
1455 3375 1487 3438 in

412 3557 430 3614 3
443 3556 531 3612 dolare
548 3558 682 3614 Ursinus.-
694 3558 784 3612 dolore
796 3558 852 3623 Pr,
865 3557 965 3613 doloris
977 3559 1129 3615 Hmacuu
1175 3561 1332 3630 brequiro?
1345 3559 1405 3615 edd.
1419 3576 1486 3615 racc

359 3644 477 3713 (requiro
492 3643 565 3698 obelo
581 3644 692 3698 notauit
708 3644 821 3713 Henna)
873 3643 892 3702 6
914 3647 943 3698 ct
963 3647 991 3700 P
1007 3647 1039 3702 iu
1056 3647 1145 3701 lituro
1195 3647 1215 3704 8
1231 3648 1289 3700 toto
1305 3647 1412 3717 integro
1428 3647 1456 3701 P
1472 3651 1488 3700 1

359 3746 461 3797 mcum
470 3747 510 3783 ma
517 3732 577 3783 toto
583 3745 637 3797 per
644 3729 776 3800 pleroma
783 3731 925 3786 inuectum
934 3731 995 3787 erl?
1041 3733 1059 3789 9
1073 3734 1103 3786 ut
1114 3732 1147 3787 de
1159 3732 1244 3802 ipsius
1256 3734 1329 3787 secta
1338 3732 1417 3787 bodie
1429 3748 1489 3786 cum

358 3832 390 3870 eo
406 3815 474 3885 disp.
491 3815 659 3883 Hermaeum
686 3816 745 3884 ipse
768 3816 863 3870 mulio
879 3817 960 3870 istius
978 3819 1037 3885 (uel
1052 3818 1111 3888 ipse
1131 3819 1223 3889 istius)
1246 3821 1349 3885 sectae,
1375 3819 1432 3874 ocri.
1455 3820 1488 3873 iu

359 3918 442 3971 quom
462 3907 519 3956 tum
541 3901 643 3956 acriter
665 3902 794 3956 inuectus
805 3907 845 3956 cst
851 3921 861 3970 ;
879 3902 1021 3958 lectionem
1037 3904 1124 3974 ipsius
1142 3921 1226 3960 cerua
1242 3921 1339 3960 carcre
1355 3905 1489 3974 opinatur

254 4049 261 4058 ‚
360 3989 442 4042 σιιαηι
453 4003 549 4042 comer
559 3987 593 4041 iu
603 3988 736 4042 Zeitocbr.
748 3988 769 4054 s.
782 3987 857 4042 Plu
870 4004 898 4042 u.
910 3989 982 4043 totle.
1000 3989 1089 4044 Tbcol.
1102 3995 1145 4054 18,
1165 3994 1220 4046 162
1272 3992 1309 4048 11
1329 3990 1488 4060 sapientiam

359 4073 486 4127 modoP:
497 4073 659 4142 sapientium
667 4073 894 4142 modoRiqaltiua
947 4073 984 4131 13
1001 4074 1314 4144 ·rcquiascereP(eruaa
1322 4076 1416 4130 littero
1424 4077 1453 4143 a)

360 4158 397 4217 15
405 4156 526 4226 obsequii
535 4159 564 4213 P
574 4174 644 4214 corr.
658 4165 711 4214 etr
749 4157 786 4215 16
796 4161 845 4212 aut
856 4158 958 4213 ordinis
970 4161 1043 4214 obolo
1054 4160 1165 4214 euocauit
1178 4161 1212 4216 Ρ.
1217 4161 1323 4216 Daniel
1328 4161 1486 4232 (uptedWo-

359 4245 474 4311 uerum)
525 4243 564 4301 20
579 4245 608 4299 id
628 4244 661 4299 de
681 4259 732 4314 quo
750 4244 904 4299 Heumann
927 4246 938 4312 ΙΙ
962 4247 1055 4315 utpote
1073 4246 1119 4314 qui
1135 4246 1254 4302 Vrsinus
1311 4247 1487 4310 21alterum,

360 4329 476 4383 alterum
487 4345 518 4383 r:
537 4329 652 4384 alterum
662 4331 744 4384 occul
754 4330 835 4384 babet
848 4329 875 4383 P
926 4331 965 4390 25
984 4331 1119 4386 sententia
1135 4333 1163 4386 P
1176 4347 1245 4387 corr.
1262 4349 1297 4386 m.
1315 4338 1338 4387 1.
1351 4349 1385 4387 ccc
1401 4332 1489 4387 sentia

370 4417 384 4482 ΙΙ
403 4431 434 4469 ox
442 4415 500 4468 tuis
508 4417 614 4472 Pcorr.
626 4433 660 4471 m.
669 4419 697 4470 2.
708 4433 742 4470 cc
750 4417 825 4472 exuis
877 4416 915 4473 26
928 4417 1037 4486 proinde
1047 4417 1123 4482 mibi,
1136 4418 1160 4472 si
1173 4418 1276 4474 Vocem
1296 4421 1308 4487 ΙΙ
1328 4419 1454 4488 aliquisr

360 4500 399 4557 27
417 4501 566 4570 utrisquer
596 4528 607 4545 ι
