3300 5142
536 546 616 600 vita
633 545 658 600 S.
677 547 819 601 Martini
838 563 859 600 c
878 545 998 603 cos—27.
1269 549 1329 614 131

204 698 283 762 stem
297 699 520 781 quodammodo
535 701 686 766 laetitiam
707 702 798 766 uultu
818 700 987 785 praeferens
1008 702 1093 766 extra
1112 701 1254 766 naturam
1275 701 1331 765 ho·

204 799 297 864 minis
312 802 482 868 uidebatur.
505 822 674 886 numquam
694 804 727 869 in
742 804 829 869 illius
844 823 894 869 ore
908 805 969 870 nisi
984 803 1139 881 Christus,
1161 821 1360 886 numquam

204 903 237 968 in
251 904 336 969 illins
351 906 438 970 corde
452 906 512 971 nisi
527 907 639 990 pietas,
665 907 725 972 nisi
739 927 812 990 par,
834 909 895 973 nisi
910 907 1118 975 misericordia
1136 908 1243 972 inerat.
1266 909 1331 989 ple-

204 1025 333 1091 rumque
358 1009 452 1074 etiam
477 1027 531 1092 pro
556 1027 677 1089 eorum,
704 1011 758 1092 qui
783 1011 870 1075 illins
896 1011 1112 1076 obtrectatores
1137 1010 1331 1088 uidebantur,

183 1110 321 1178 esolebat
340 1111 410 1176 dere
430 1113 576 1193 peccatis,
598 1113 652 1196 qui
672 1116 824 1180 remotum
845 1115 876 1179 et
890 1113 1030 1196 quietum
1044 1114 1201 1179 uenenatis
1215 1113 1332 1197 linguis

204 1214 236 1278 et
251 1213 370 1296 uipereo
385 1233 435 1280 ore
450 1217 621 1298 carpebant.
645 1218 676 1281 et
697 1234 766 1282 uere
780 1216 942 1282 nonnullos
957 1215 1073 1299 experti
1088 1234 1195 1282 sumus
1210 1217 1360 1288 inuidose

204 1317 330 1382 uirtutis
345 1319 486 1401 uitaeque
500 1319 580 1398 eius,
603 1320 656 1402 qui
677 1319 709 1384 in
729 1319 783 1385 illo
798 1319 938 1397 oderant,
961 1320 1042 1402 quod
1063 1319 1096 1385 in
1116 1338 1149 1384 se
1169 1337 1229 1384 non
1243 1319 1331 1384 uide-

207 1422 280 1484 bant
299 1423 331 1484 ct
350 1421 430 1504 quod
450 1421 567 1486 imitari
587 1440 647 1488 non
667 1423 820 1488 nolebant.
843 1424 956 1505 adque,
979 1421 1095 1488 onefas
1116 1422 1281 1488 dolendum
1300 1423 1333 1486 et

206 1524 486 1608 ingemescendum,
502 1542 561 1590 non
576 1525 629 1590 alii
644 1524 707 1590 fere
721 1525 957 1590 insectatores
931 1544 1012 1604 erus,
1035 1525 1108 1589 licet
1121 1526 1211 1607 pauci
1225 1524 1332 1590 admo·

170 1627 297 1704 rodum,
319 1644 379 1692 non
399 1627 453 1691 ulii
473 1629 577 1694 tamen
597 1647 689 1710 quem
709 1628 843 1711 episcopi
863 1628 1046 1694 ferebantur.
1068 1647 1124 1693 nec
1137 1647 1209 1692 uero
1224 1647 1332 1711 quem·
1342 1645 1361 1702 q
1407 1711 1412 1718 Ι

206 1748 298 1813 quam
312 1730 463 1796 nominari
483 1749 602 1796 necesse
623 1732 684 1809 est,
706 1732 780 1796 licet
801 1708 949 1796 nosmet
940 1749 1022 1813 1psos
1042 1730 1179 1813 plerique
1199 1731 1332 1795 circum·

204 1832 331 1898 labent:
355 1832 486 1898 sufficiet
500 1835 550 1912 ut,
574 1834 600 1898 si
616 1834 669 1916 qui
684 1853 718 1898 er
733 1835 783 1898 his
797 1833 872 1899 haec
885 1834 997 1918 legerit
1010 1834 1230 1918 etagnoucrit,
1259 1852 1330 1897 ern·

206 1935 316 2000 bescat.
339 1956 412 2001 nam
437 1937 464 2000 si
489 1936 646 2016 irascitur,
669 1937 707 2002 do
732 1956 764 2002 se
784 1937 903 2002 dictum
925 1937 1088 2015 fatebitur,
1111 1956 1182 2002 cum
1203 1936 1332 2001 fortasse

205 2056 259 2104 nos
284 2039 321 2103 de
346 2039 416 2104 eliis
442 2040 633 2104 senserimus.
656 2058 715 2105 non
737 2040 907 2124 refugimus
928 2041 1047 2116 cutem,
1070 2041 1121 2116 ut,
1144 2039 1245 2123 siqui
1266 2039 1360 2105 eius5

172 2141 289 2210 remedi
304 2144 390 2220 sunt,
413 2160 467 2208 nos
483 2160 601 2225 quoque
616 2162 686 2207 cum
701 2143 758 2207 tali
773 2143 840 2208 uiro
855 2142 983 2206 oderint.
1006 2141 1085 2207 illud
1100 2140 1190 2206 facile
1205 2141 1361 2220 confidet

206 2245 347 2310 omnibus
372 2245 485 2310 sanctis
511 2246 690 2328 opusculum
717 2246 801 2311 istud
826 2246 951 2330 gratnm
971 2243 1043 2310 fore,
1067 2244 1216 2309 dccetero
1236 2243 1332 2326 siqui

206 2347 279 2412 baec
293 2348 457 2413 infideliter
471 2349 595 2432 legerit,
619 2348 683 2430 ipse
703 2348 849 2430 peccabit.
873 2364 928 2432 ego
943 2347 1021 2411 mihi
1036 2347 1173 2411 conscius
1188 2365 1258 2411 sum
1272 2363 1361 2425 mqr

205 2468 307 2516 rernm
322 2451 381 2515 fide
396 2453 427 2515 et
442 2469 543 2516 amore
558 2451 673 2516 Christi
688 2451 846 2533 inpulsum
860 2452 897 2515 nt
910 2450 1088 2529 scriberem,
1104 2448 1267 2514 manifesta
1281 2468 1333 2514 er·
1433 2533 1436 2540 Ι

206 2555 359 2636 posuisse,
384 2573 456 2618 uera
480 2554 607 2618 dixisse:
641 2556 857 2636 paratumque,
891 2555 927 2618 ut
952 2570 1054 2636 spero,
1075 2552 1202 2618 babebit
1226 2572 1245 2617 a
1269 2553 1333 2618 Deo

171 2658 392 2738 eopraomium,
414 2674 474 2722 uon
489 2657 673 2739 quicumque
687 2658 812 2740 legerit,
836 2656 889 2722 scd
904 2657 1088 2738 quicumque
1103 2644 1274 2720 crediderit.

257 2843 276 2900 3
295 2845 353 2896 crat
368 2843 394 2897 V
441 2844 761 2899 contractionum
830 2844 847 2900 7
866 2843 978 2897 uirtutis
989 2843 1065 2896 MV:
1084 2841 1233 2896 uirtutibus
1245 2842 1331 2908 Aru,-

208 2929 244 2995 οἰ.
258 2927 334 2982 Diui.
348 2931 375 2997 3,
389 2933 431 2996 17,
444 2933 461 2983 5
473 2945 525 2983 nou
536 2929 644 2984 innidus
656 2929 801 2999 gloriarum
866 2929 884 2985 9
903 2927 1133 2998 ingemescendum
1144 2927 1186 2982 F.-
1205 2927 1333 2996 ingemis-

207 3013 316 3070 ccndum
327 3015 398 3069 AVo
418 3017 430 3084 ΙΙ
449 3015 503 3068 fere
516 3017 607 3070 ABM
609 3016 647 3069 V:
659 3016 732 3069 fuere
745 3015 789 3070 Fo
842 3015 877 3071 11
890 3012 1023 3068 nominari
1035 3014 1090 3066 AB
1095 3014 1131 3068 V:
1144 3013 1280 3067 nominarc
1289 3013 1334 3066 Fu

259 3101 296 3159 12
315 3101 431 3155 sufficiet
442 3103 511 3170 (noer
524 3101 651 3172 sufficiat)
663 3103 695 3156 ut
706 3101 731 3154 si
742 3102 789 3170 qni
805 3102 844 3155 V.-
858 3099 958 3154 sufficit
969 3103 1001 3153 ut
1012 3100 1036 3153 si
1048 3099 1108 3168 quis
1120 3099 1193 3154 AFc
1246 3097 1283 3155 13
1300 3097 1333 3152 dc

208 3203 235 3240 se
248 3187 311 3240 ΒΜ
313 3187 350 3241 V·
369 3185 401 3240 de
413 3203 441 3242 se
453 3187 511 3256 ipso
524 3187 564 3241 ed.
578 3187 640 3242 Alei
655 3187 687 3242 de
700 3205 728 3241 se
740 3187 797 3257 ipse
809 3187 882 3241 AFo
935 3185 971 3242 13
988 3185 1090 3239 dictum
1102 3201 1159 3237 esse
1172 3184 1198 3236 A
1252 3183 1289 3241 14
1301 3183 1333 3238 de

208 3271 290 3326 alico
359 3271 395 3329 16
414 3272 437 3324 si
450 3272 510 3342 quis
522 3273 593 3328 AFu
664 3271 700 3330 8
718 3276 749 3327 ut
765 3272 830 3326 haec
843 3271 985 3326 scriberem
1001 3287 1033 3338 o
1051 3271 1084 3324 iu
1100 3270 1230 3324 thccs.
1245 3271 1261 3324 1.
1275 3270 1334 3324 alia

208 3357 370 3412 umuuodd.
384 3363 423 3411 cat
485 3359 522 3415 19
540 3359 600 3413 nire
616 3360 640 3414 V
658 3361 670 3427 ΙΙ
690 3360 808 3428 utspcro
821 3375 870 3412 om.
883 3359 910 3411 A
919 3373 964 3426 pr.
977 3374 1011 3411 m.
1082 3355 1122 3412 20
1140 3357 1216 3426 Expl.
1229 3356 1334 3411 deuito

209 3443 247 3496 sci
267 3444 379 3497 martini
397 3445 447 3514 epi.
460 3461 506 3514 per
518 3444 593 3513 (add.
606 3462 626 3498 s.
640 3445 656 3499 1.
671 3443 824 3514 sulpicium)
834 3459 955 3497 seuerum
963 3441 1118 3496 monachum
1130 3441 1332 3495 massiliensem,

208 3529 283 3582 cuius
295 3527 425 3598 depositio
437 3533 479 3584 est
489 3531 574 3584 tertiu
587 3529 647 3584 idus
658 3529 784 3584 nouerubr
795 3529 849 3584 Inc
864 3528 982 3598 epistula
993 3527 1111 3582 eiusdem
1122 3527 1198 3596 (add.
1211 3544 1232 3581 o
1246 3527 1262 3581 1.
1277 3527 1333 3581 sul·

207 3613 440 3683 prcu)Seuer1V
458 3615 532 3686 Erpl
555 3615 624 3670 liber
644 3615 745 3685 primus
766 3614 798 3669 de
820 3614 878 3669 uita
895 3615 1058 3669 scibiartini
1071 3614 1114 3684 epi
1127 3612 1332 3668 etconfessoris.

207 3699 261 3754 lnc.
274 3699 389 3769 epistola
400 3699 491 3756 Seueri
504 3701 537 3756 ad
549 3701 685 3756 eusebium
697 3701 875 3770 presbiterum
890 3704 983 3770 postea
1003 3701 1154 3770 episcopum
1167 3699 1207 3767 A,
1229 3700 1293 3752 oen
1304 3698 1335 3752 F

207 3785 254 3840 ced
274 3787 318 3842 bic
338 3803 387 3840 oue.
409 3789 500 3842 uerbis
520 3787 552 3842 dc
570 3787 670 3842 uita-
683 3787 847 3842 confessoris.
