3300 5142
338 536 380 600 88
742 532 885 586 Firmioi
903 533 1051 589 Materni

336 691 461 757 falleret
476 691 624 754 matrem:
640 687 686 753 ait
701 707 733 752 se
744 688 906 753 Pandarus
927 690 1027 755 nasoio
1049 692 1103 774 qui
1123 693 1239 757 uidisse
1259 712 1319 759 non
1334 694 1425 779 longe
1448 712 1467 759 a

336 793 481 877 Pachyno
495 810 607 857 nauem
621 793 776 873 raptorem
789 791 962 856 ascendisse
977 810 1049 857 oum
1060 793 1190 879 uirgine.
1216 815 1397 877 persuasum
1419 800 1468 863 ost

336 897 470 975 mulieri,
497 914 590 978 quae,
616 895 762 978 quoniam
783 894 922 976 quolibet
944 914 1054 979 genere
1080 897 1185 963 ninere
1207 898 1306 963 filiam
1322 901 1468 983 cupiebat

308 1000 457 1078 bannire,
483 999 613 1063 infinitis
636 997 723 1061 donis
738 999 914 1062 remunerat
934 998 1103 1064 ciuitatem.
1128 999 1311 1083 Syracusani
1325 1003 1468 1069 liberali-

238 1112 285 1155 t0¹·
296 1114 327 1155 u·
336 1105 402 1168 tate
413 1102 553 1167 mulieris
563 1100 721 1183 prouocati
741 1103 745 1181 l
765 1103 890 1182 raptum
905 1100 1037 1185 uirginis
1054 1107 1230 1169 consecrant
1242 1106 1273 1170 ot
1284 1106 1468 1191 mitigantes
1490 1126 1501 1164 ⁵

336 1206 472 1272 dolorem
487 1204 598 1269 matris
617 1220 763 1286 pompam
778 1204 883 1268 miseri
910 1203 1025 1269 funeris
1044 1206 1185 1271 ereolnnt
1206 1207 1316 1272 honore
1331 1210 1468 1291 templo-

336 1330 416 1375 rum.
433 1309 487 1373 sed
500 1326 557 1373 noo
570 1308 628 1371 boo
642 1306 760 1371 suffieit
774 1307 884 1386 matri,
916 1306 970 1371 sod
991 1326 1115 1373 ascensa
1132 1328 1211 1375 naua
1231 1330 1285 1391 per
1304 1314 1469 1397 peregrina

336 1414 430 1478 litora
449 1412 548 1476 filiam
568 1410 698 1494 quaerit.
725 1410 770 1475 sia
789 1409 937 1475 fluetibus
964 1412 1261 1495 tempestatibusque
1286 1415 1401 1481 iactata
1429 1416 1470 1481 ad

337 1516 461 1581 Attinas
485 1514 572 1579 urbis
597 1514 700 1578 loonm
715 1513 872 1594 peruenit:
892 1513 959 1578 illio
973 1513 1107 1597 hospitio
1121 1518 1243 1598 reoepta
1258 1516 1365 1582 ineolis
1381 1519 1470 1584 ineo-

337 1621 460 1707 gnitum
471 1618 571 1683 adhno
585 1617 728 1682 triticum
738 1615 862 1681 diuidit.
880 1616 965 1682 loous
981 1635 1016 1681 er
1030 1617 1133 1698 patria
1148 1620 1179 1683 et
1194 1636 1230 1681 ox
1244 1620 1381 1685 aduentu
1397 1640 1469 1687 mn·
1479 1649 1503 1687 n

336 1725 421 1790 lieris
434 1738 546 1786 nomon
560 1718 693 1800 aeoopit,
716 1738 789 1783 nam
808 1719 936 1793 Eleusin
960 1720 1062 1785 dictus
1083 1723 1145 1799 ost,
1168 1722 1249 1803 qnod
1275 1722 1351 1787 illuc
1377 1722 1471 1789 Ceres

307 1828 444 1895 sreiieta
458 1826 569 1889 Henna
583 1826 718 1889 uenerat.
748 1823 794 1887 sio
815 1824 896 1905 quod
919 1824 986 1905 ipsa
1008 1823 1184 1905 dispensato
1207 1825 1288 1906 quod
1310 1826 1470 1892 adtulerat

335 1930 490 1996 frumento
505 1927 749 2011 oolligendarum
760 1927 887 2010 frugum
900 1926 1069 1992 tradiderat
1080 1926 1286 2010 disciplinam,
1302 1931 1371 2010 post
1384 1948 1471 1995 mor·

334 2036 401 2099 tem
415 2032 454 2095 ob
468 2030 664 2108 beneficium,
688 2031 769 2112 qnod
784 2049 820 2094 ox
836 2028 962 2114 frugum
977 2031 1064 2112 copia
1078 2031 1275 2109 nascebatur,
1299 2032 1330 2095 et
1345 2035 1471 2114 sepulta
1612 2107 1613 2131 χ

335 2139 368 2203 in
383 2138 449 2200 looo
463 2138 511 2200 est
525 2134 641 2216 paritor
655 2136 688 2199 et
702 2136 877 2199 consecrata
896 2136 927 2199 ot
948 2134 1054 2199 dirrino
1075 2152 1146 2199 enm
1160 2134 1225 2200 filia
1240 2134 1398 2217 appellata
1412 2156 1471 2202 no-
1481 2162 1503 2201 n

335 2241 427 2307 mino.
451 2240 537 2304 amat
550 2238 633 2303 enim
649 2236 836 2303 Graeoomm
850 2238 963 2303 leuitas
984 2256 1034 2303 eos
1057 2238 1111 2320 qni
1133 2238 1193 2303 sibi
1215 2240 1335 2321 aliquid
1357 2244 1471 2307 oontu·

335 2344 429 2409 lerint
450 2344 502 2407 uel
523 2342 577 2424 qui
599 2340 725 2406 oonsilio
747 2342 802 2405 ant
823 2340 940 2405 uirtute
963 2359 994 2406 so
1016 2339 1152 2406 iuuarint
1174 2340 1290 2406 diuinis
1312 2344 1471 2425 appellare

336 2445 523 2523 nominibus,
540 2445 571 2508 ot
585 2444 631 2507 sio
645 2443 683 2508 ab
699 2443 774 2525 ipsis
789 2443 1004 2509 beneficiorum
1019 2444 1121 2528 gratia
1136 2447 1324 2527 repensatur,
1343 2448 1379 2511 nt
1395 2448 1472 2513 deos

336 2551 455 2628 disant,
478 2549 551 2613 deos
573 2566 640 2613 esse
662 2548 802 2626 erodant,
826 2549 880 2631 qui
895 2548 955 2613 sibi
979 2549 1142 2631 aliquando
1156 2550 1336 2630 proluerint.
1361 2552 1406 2616 sio
1431 2554 1472 2618 de

335 2652 447 2717 Libero
461 2651 548 2733 Nysa
566 2669 627 2716 non
647 2651 771 2717 dubitat
791 2671 847 2716 neo
867 2654 904 2718 do
919 2652 1007 2717 nouis
1022 2652 1156 2737 ambigit
1170 2652 1280 2736 Sparta
1295 2655 1453 2722 sideribus
1463 2680 1471 2722 :
1481 2688 1505 2729 n

337 2756 453 2820 oromat
468 2756 500 2819 et
514 2756 670 2819 oonseorat
683 2754 851 2819 Herculem
872 2755 972 2819 tristis
987 2753 1065 2819 Oeta
1086 2757 1118 2820 ot
1132 2776 1151 2820 a
1166 2757 1254 2820 nanis
1269 2755 1472 2825 Cretensibus

308 2858 437 2932 radhno
456 2858 571 2922 mortni
594 2858 678 2922 Ionis
698 2859 839 2922 tumulus
861 2858 1014 2923 adoratur.
1037 2858 1163 2923 additur
1177 2860 1296 2939 tamon,
1321 2862 1473 2925 sauram·

336 2961 409 3027 simi
430 2960 644 3042 imperatores,
668 2960 709 3025 ad
728 2960 820 3026 huius
836 2960 956 3042 profani
971 2960 1081 3025 erroris
1096 2962 1299 3045 augmentum
1314 2964 1395 3043 quod
1410 2964 1472 3028 hos

335 3063 521 3142 binominus,
545 3064 578 3128 id
593 3066 640 3128 est
653 3064 800 3129 Liberum
815 3066 847 3128 et
861 3064 1091 3146 Proserpinam,
1115 3064 1230 3129 maiore
1250 3066 1338 3147 quasi
1358 3070 1472 3132 aueto-

335 3167 430 3232 ritate
445 3167 603 3232 defendat:
625 3188 699 3231 nam
714 3167 860 3232 Libemm
875 3168 914 3232 ad
930 3168 1025 3233 solem
1041 3169 1150 3233 uolunt
1166 3168 1278 3234 referre
1293 3174 1505 3237 commentas

336 3270 536 3349 Graecorum,
560 3272 775 3354 Proserpinam
789 3289 861 3336 nero
876 3272 1020 3336 Liberam
1034 3272 1170 3337 dieentes
1185 3274 1292 3337 lunam
1313 3292 1378 3339 asse
1393 3293 1472 3341 oon-

335 3374 466 3459 fingrmt.
489 3376 569 3457 qnod
584 3396 677 3458 quam
692 3376 861 3441 absurdum
876 3377 907 3439 et
921 3394 1015 3458 qnam
1030 3377 1179 3441 miserum
1194 3376 1236 3440 sit
1250 3396 1286 3441 ex
1301 3378 1368 3458 ipsa
1383 3380 1472 3443 ueri-

335 3478 412 3543 tatis
426 3488 590 3562 possnmus
610 3480 727 3544 rationo
747 3479 901 3563 colligere.
926 3480 994 3561 quis
1009 3479 1091 3544 uidit
1105 3498 1235 3562 puerum
1251 3482 1373 3545 solem?
1396 3484 1471 3563 quis

233 3579 472 3655 roanfofellit?
494 3584 564 3665 quis
587 3583 722 3649 oceidit?
744 3584 813 3666 quis
828 3583 999 3649 laceranit?
1019 3584 1023 3665 1
1043 3584 1112 3666 quis
1127 3584 1259 3650 diuisit?
1281 3585 1350 3667 quis
1365 3604 1472 3650 mem·
1547 3588 1550 3593 ’

388 3828 404 3884 1
424 3827 465 3881 ait
477 3828 519 3881 P:
532 3830 597 3880 tuno
609 3827 649 3879 ait
661 3842 680 3879 a
726 3825 744 3883 3
757 3830 809 3895 qno
820 3826 848 3895 (i.
863 3842 883 3879 e.
897 3824 1034 3895 qnoniam)
1046 3840 1111 3879 nos:
1125 3840 1176 3893 quo
1188 3825 1241 3889 Pu,
1254 3825 1318 3894 quia
1335 3824 1435 3881 Oebter

335 3914 356 3970 4
384 3913 461 3967 donis
471 3913 611 3967 Bursian:
623 3911 694 3966 dotis
707 3913 745 3977 P,
764 3911 872 3965 dotibus
883 3928 901 3964 n
953 3912 986 3965 12
1004 3911 1157 3981 dispensato
1170 3942 1202 3949 -
1215 3911 1348 3965 frumento
1366 3910 1393 3965 J.
1413 3911 1471 3965 Fr.

341 3999 515 4053 Grononiw
532 3998 699 4068 dispensatio
711 4029 744 4037 —
755 3998 891 4052 numento
904 3998 931 4051 P
948 3998 1054 4067 (Sisque
1070 4000 1129 4051 tum
1146 3997 1206 4066 ipsa
1216 3996 1383 4066 dispensatio
1395 3997 1473 4064 qnod

337 4085 469 4139 attulerat
482 4086 628 4149 framenta,
647 4087 706 4139 tum
718 4084 788 4154 qnod
799 4082 1008 4154 colligendarum
1022 4090 1068 4138 ete.
1089 4084 1119 4153 u)
1173 4084 1210 4141 15
1229 4083 1257 4135 in
1278 4099 1308 4137 eo
1330 4083 1388 4136 loeo
1401 4100 1420 4135 a
1446 4086 1460 4151 ll

335 4172 443 4225 numina
457 4174 511 4240 Po,
524 4190 571 4226 ern.
583 4172 724 4226 Woroerna
775 4170 814 4227 20
830 4172 890 4223 nisa
902 4172 948 4225 Pa
963 4172 975 4239 ll
993 4168 1104 4238 spartha
1117 4169 1145 4223 P
1197 4170 1233 4225 21
1254 4169 1423 4223 herculimP
1447 4170 1461 4237 ΙΙ

335 4259 417 4314 Ostas
429 4259 483 4326 Po,
496 4274 543 4312 em.
556 4258 652 4313 uenter
698 4257 738 4313 24
749 4257 899 4310 binomines
911 4258 1052 4311 Bursian:
1066 4254 1217 4309 hihomines
1228 4256 1262 4316 P,
1276 4253 1396 4309 homines
1408 4272 1428 4309 a
1446 4258 1460 4324 ΙΙ

336 4344 364 4398 id
377 4347 419 4398 est
431 4375 464 4382 -
475 4344 662 4412 Proserpinam
674 4344 747 4398 obelo
764 4342 874 4397 notauit
892 4342 1032 4396 Wowerns
1084 4340 1122 4397 26
1140 4340 1226 4395 libera
1246 4341 1274 4394 P
1324 4340 1360 4397 29
1379 4342 1473 4395 multo

335 4431 470 4485 uocobado
486 4430 630 4485 litterasue
646 4430 693 4497 sol.
707 4430 739 4485 9·
751 4435 777 4483 at
788 4430 896 4496 partim
916 4430 971 4482 ium
993 4428 1040 4495 fol.
1054 4427 1088 4484 8b
1106 4429 1138 4481 io
1155 4428 1295 4495 scriptura
1311 4426 1474 4483 albitudine

335 4518 396 4584 fere
408 4517 530 4571 atinde
541 4517 600 4571 utin
611 4534 698 4570 muna
709 4521 848 4570 renouata
859 4520 926 4569 snat
