3300 5142
662 534 734 604 Cap.
754 536 832 593 7-8.
1273 545 1314 610 39

188 688 252 753 bris
267 688 333 754 eius
348 689 490 771 epulatus
504 691 573 756 est?
594 691 664 774 quis
678 692 786 757 lunam
800 692 926 775 rapuit?
948 696 1017 777 quis
1041 697 1223 763 abscondit?
1245 700 1313 782 quis
1326 708 1344 763 8

187 791 330 856 Plutonis
346 792 508 877 coniugem
522 793 617 859 fecit?
639 796 692 861 sed
713 798 745 862 et
771 814 914 883 errorem,
926 797 1023 863 istum
1045 800 1172 884 physica
1191 821 1315 867 rursum

188 894 298 960 uolunt
311 896 429 961 ratione
443 898 617 981 protegere:
640 898 809 965 indiuisam
830 901 967 965 mentem
988 902 1019 967 et
1042 902 1191 982 diuisam,
1215 904 1316 969 idest

188 991 245 1062 τὸν
259 991 430 1085 ἀμέριστον
444 998 500 1065 καὶ
514 994 571 1066 τὸν
583 1001 815 1089 μεμερισμένον
830 1004 919 1083 νοῦν,
948 1005 1006 1071 hac
1032 1026 1063 1072 se
1091 1009 1202 1090 putant
1228 1027 1315 1093 posse

168 1102 304 1166 eratione
319 1103 467 1167 uenerari.
492 1104 585 1169 dicite
609 1105 711 1186 mibi,
734 1105 873 1172 omiseri
899 1108 1065 1188 mortales,
1089 1110 1164 1192 quid
1188 1112 1344 1177 nature-9

188 1205 270 1269 libus
295 1206 385 1271 rebus
411 1205 525 1273 additis
554 1207 683 1274 funera?
708 1210 784 1292 quid
809 1210 860 1275 dei
886 1209 1119 1292 dispositionem
1145 1214 1316 1280 crudelium

187 1309 337 1373 mortium
351 1310 513 1375 atrocitate
526 1312 690 1394 polluitis?
712 1314 786 1397 quid
798 1334 874 1397 opus
889 1314 954 1379 erat
968 1318 1035 1382 tam
1050 1319 1126 1383 duro
1141 1318 1317 1400 crudelique

187 1416 365 1479 tormento?
379 1415 455 1496 quid
470 1416 530 1480 sibi
544 1416 615 1481 uult
629 1418 691 1483 ista
705 1420 876 1501 persuasio,
894 1422 928 1485 ut
943 1421 1057 1486 diuinis
1072 1422 1162 1487 rebus
1178 1421 1318 1486 funestae

188 1521 376 1586 calamitatis
390 1518 464 1584 crde
479 1520 631 1591 societur?
647 1522 682 1585 ut
692 1523 803 1587 natura
814 1523 961 1603 siderum,
975 1544 1069 1607 quam
1079 1526 1164 1590 Deus
1176 1542 1317 1589 summus

154 1624 281 1689 mcertis
295 1623 418 1708 legibus
432 1624 515 1701 fecit,
536 1623 678 1689 mortalis
693 1625 881 1690 calamitatis
895 1626 1031 1693 luctibus
1043 1626 1244 1710 iungeretur?
1267 1626 1318 1691 cui

188 1727 232 1793 rei
257 1727 380 1809 prodest
406 1726 487 1808 quod
512 1725 638 1792 facitis?
660 1727 797 1792 miscetis
819 1729 944 1807 ¹terrena
970 1729 1168 1808 caelestibus,
1202 1731 1317 1795 caduca

188 1832 322 1914 superis,
345 1830 504 1895 tenebrosa
517 1829 705 1909 lucentibus,
722 1830 841 1896 dolores
856 1851 891 1896 ac
905 1832 1008 1897 luctus
1023 1832 1185 1898 hominum
1200 1831 1316 1897 diuinis

188 1934 354 2000 bonoribus
369 1934 587 1998 consecrantes.

232 2038 264 2103 Si
287 2036 452 2103 conuocato
476 2036 558 2100 omni
584 2055 693 2119 genere
713 2036 847 2103 humano
863 2038 909 2103 sol
923 2038 1029 2105 habita
1045 2040 1183 2105 contione
1210 2039 1346 2122 loque-8

154 2142 289 2219 uretur,
313 2139 557 2221 desperationem
572 2142 707 2206 uestram
727 2140 785 2205 bec
811 2140 942 2206 forsitan
968 2142 1103 2207 oratione
1128 2143 1315 2225 percuteret:

188 2237 277 2322 ‘Quis
291 2261 362 2321 uos,
385 2242 493 2308 caduci
508 2242 646 2308 homines
662 2246 693 2309 et
707 2263 762 2327 per
776 2245 841 2311 dies
857 2246 994 2330 singulos
1010 2246 1207 2321 summoDeo
1222 2245 1317 2310 uariis

189 2347 352 2432 generibus
366 2346 563 2425 rebellantes,
587 2346 698 2413 adhoc
712 2348 836 2412 tantum
851 2349 969 2414 facinus
984 2349 1125 2433 impegit,
1141 2349 1178 2412 ut
1191 2348 1317 2430 profano

190 2450 322 2515 nefariae
338 2449 519 2531 cupiditatis
534 2468 633 2517 errore
657 2450 689 2514 et
709 2450 788 2515 mori
808 2470 859 2515 me
874 2450 986 2516 dicatis
1001 2451 1128 2516 arbitrio
1144 2454 1176 2517 et
1190 2452 1318 2516 uiume?

190 2555 282 2635 atquc
298 2554 420 2619 utinam
433 2553 551 2618 usitato
566 2571 650 2619 more
665 2553 716 2619 uel
731 2570 792 2619 nno
816 2571 927 2637 genere
948 2572 1098 2619 uaesanae
1120 2554 1318 2640 cogitationis

154 2680 181 2721 ac
190 2659 310 2722 uestrae
325 2657 473 2742 figmenta
486 2657 699 2739 procederent,
724 2658 846 2721 utinam
861 2658 927 2723 sinc
942 2658 1130 2723 contumelia
1144 2658 1206 2722 mei
1221 2657 1318 2723 scele-

189 2762 276 2825 ratae
290 2760 488 2845 cogitationis
510 2762 630 2826 uestrae
651 2764 845 2844 grassaretur
865 2761 1051 2843 inprobitas!
1084 2781 1165 2827 nunc
1190 2779 1244 2831 uos
1265 2780 1320 2844 per

189 2864 369 2947 praecipitia
384 2863 533 2929 iactantes
548 2864 627 2927 mihi
648 2882 767 2946 quoque
787 2882 848 2928 non
862 2864 989 2945 parcitis
1004 2883 1060 2929 nec
1075 2863 1212 2947 aliquam
1225 2864 1320 2930 habet

189 2970 292 3032 uester
306 2985 406 3033 sermo
421 2967 641 3045 reuerentiam,
664 2967 719 3032 sed
738 2986 810 3031 cum
831 2966 975 3031 dedecore
990 2984 1057 3031 meo
1073 2967 1105 3032 in
1120 2967 1249 3031 exitium
1265 2984 1319 3030 ue·

189 3072 290 3136 strum
304 3074 497 3153 mortemque
511 3070 690 3153 properatis.
716 3072 719 3152 Ι
739 3070 794 3134 alii
808 3088 858 3134 me
873 3070 948 3151 aput
959 3069 1139 3153 Aegyptum
1150 3068 1240 3132 undis
1251 3067 1318 3133 Nili
1327 3090 1376 3135 ror.
1386 3090 1418 3131 u..

154 3175 222 3239 sset
247 3173 363 3255 rapidis
389 3173 558 3238 uerticibus
584 3174 739 3237 obstinato
765 3172 880 3238 mentis
902 3171 1005 3237 furore
1021 3172 1240 3256 submergunt,
1264 3170 1347 3240 aliia

190 3276 360 3358 amputetis
386 3276 531 3341 uirilibus
555 3277 724 3361 plangunt,
755 3275 810 3340 alii
833 3274 950 3340 crudeli
965 3276 1064 3341 morte
1080 3292 1202 3339 caesum
1217 3275 1272 3339 aut
1287 3274 1320 3339 in

189 3379 252 3443 olla
266 3378 439 3460 decoquunt
454 3380 508 3443 aut
523 3381 642 3462 septem
656 3378 781 3444 neribus
796 3378 930 3461 corporis
950 3378 1013 3443 mei
1034 3379 1174 3443 membra
1187 3377 1320 3443 lacerata

189 3480 355 3565 subfigunt.
380 3481 434 3563 qui
448 3481 610 3564 paululum
632 3482 711 3546 mibi
731 3480 854 3564 placida
876 3481 970 3547 fuerit
994 3480 1129 3546 oratione
1149 3480 1318 3560 blanditus,

189 3583 366 3667 quadriiugi
388 3602 494 3649 currus
517 3585 660 3668 aurigam
682 3604 732 3649 me
748 3602 812 3651 csse
828 3584 984 3668 confingit.
1008 3584 1137 3667 proicite
1156 3584 1319 3667 aliquando

154 3688 270 3753 aelami
285 3687 396 3752 funeris
411 3688 541 3751 exitium
556 3690 588 3753 et
604 3688 734 3753 salutari
748 3688 942 3769 persuasione
958 3687 1101 3751 conuerti
1116 3706 1223 3752 ueram
1234 3687 1321 3753 selu·

189 3793 231 3856 tis
256 3791 342 3856 uriam
366 3791 513 3873 quaerite.
536 3790 681 3855 inimicus
706 3790 766 3856 Dei
789 3792 837 3854 est
858 3790 911 3872 qui
933 3788 1008 3855 haec
1029 3790 1084 3855 aut
1099 3788 1251 3873 cogitauit
1266 3790 1321 3854 aut
1414 3776 1418 3806 ¹

189 3894 309 3974 fincxit,
325 3913 381 3959 nec
395 3892 514 3960 facinus
529 3894 596 3959 eins
611 3894 743 3977 simplex
757 3894 812 3958 aut
827 3892 945 3957 usitata
959 3910 1057 3973 poena
1072 3891 1248 3972 comitatur,
1264 3892 1318 3976 qui

240 4083 393 4140 3diuisaP
434 4083 762 4152 4μΕΝΕΡΙΟμΕΝοΝ
771 4081 889 4136 ΝΟΥΡ
930 4078 1168 4146 bomcdiiPcf.
1176 4081 1276 4146 11104,
1286 4080 1323 4133 21

200 4172 212 4238 ΙΙ
234 4170 326 4223 miseri
338 4187 386 4223 orn.
401 4187 419 4222 a
481 4170 519 4227 10
536 4168 677 4223 calamitas
689 4170 742 4232 Pa,
756 4184 804 4221 ern.
818 4168 946 4221 Bursian
1000 4167 1037 4224 15
1056 4167 1147 4219 forsan
1160 4182 1178 4217 a
1232 4164 1268 4221 17
1281 4180 1322 4217 re·

189 4256 321 4310 uellentes
334 4257 420 4311 adbuc
431 4258 539 4309 tantum
552 4257 579 4309 P
631 4254 666 4311 18
684 4256 773 4307 uestro
786 4251 899 4307 arbitrio
912 4270 930 4306 α
993 4250 1029 4307 19
1048 4266 1146 4317 uesano
1159 4252 1192 4314 P,
1207 4264 1322 4303 uesanac

191 4341 251 4395 edd.
305 4343 340 4398 21
359 4342 571 4411 cogitationesP
585 4344 598 4409 ll
614 4342 747 4394 cosmeta
800 4339 838 4399 25
852 4338 1000 4393 uerticibus
1014 4339 1153 4394 Worceruc
1204 4334 1240 4391 26
1253 4335 1320 4389 uiri-

191 4428 241 4481 bus
254 4429 281 4481 P
302 4431 314 4497 ΙΙ
337 4429 365 4482 in
378 4430 419 4483 Ρ.·
438 4432 499 4483 uta
550 4428 586 4484 27
604 4427 750 4496 decoquent
763 4428 791 4481 P
812 4430 825 4496 11
849 4425 993 4480 uembusa
1045 4424 1085 4481 30
1102 4422 1218 4477 conuicti
1236 4438 1269 4489 α,-
1288 4426 1319 4475 at

190 4531 217 4569 rc.
231 4514 289 4568 ind.
304 4515 386 4569 IIIa.
399 4532 426 4569 ν.
440 4514 580 4570 conuenire
