<?xml version="1.0" encoding="UTF-8"?>
<!DOCTYPE html PUBLIC "-//W3C//DTD XHTML 1.0 Transitional//EN"
    "http://www.w3.org/TR/xhtml1/DTD/xhtml1-transitional.dtd">
<html xmlns="http://www.w3.org/1999/xhtml" xml:lang="en" lang="en">
 <head>
  <title>
</title>
<meta http-equiv="Content-Type" content="text/html;charset=utf-8" />
  <meta name='ocr-system' content='tesseract 3.04.00' />
  <meta name='ocr-capabilities' content='ocr_page ocr_carea ocr_par ocr_line ocrx_word'/>
</head>
<body>
  <div class='ocr_page' id='page_1' title='image "./corpusscriptoru12wissgoog_0279.png"; bbox 0 0 3300 5142; ppageno 0'>
   <div class='ocr_carea' id='block_1_1' title="bbox 662 525 1309 595">
    <p class='ocr_par' dir='ltr' id='par_1_1' title="bbox 662 525 1309 595">
     <span class='ocr_line' id='line_1_1' title="bbox 662 525 1309 595; baseline -0.009 -15"><span class='ocrx_word' id='word_1_1' title='bbox 662 526 768 595; x_wconf 81' lang='lat' dir='ltr'>Epist.</span> <span class='ocrx_word' id='word_1_2' title='bbox 786 525 836 578; x_wconf 90' lang='lat' dir='ltr'>Ill.</span> <span class='ocrx_word' id='word_1_3' title='bbox 1053 571 1055 578; x_wconf 18' lang='grc' dir='ltr'><em>Α</em></span> <span class='ocrx_word' id='word_1_4' title='bbox 1246 525 1309 591; x_wconf 75' lang='lat'>251</span> 
     </span>
    </p>
   </div>
   <div class='ocr_carea' id='block_1_2' title="bbox 286 717 1208 1024">
    <p class='ocr_par' dir='ltr' id='par_1_2' title="bbox 286 717 1208 1024">
     <span class='ocr_line' id='line_1_2' title="bbox 286 717 1208 888; baseline -0.003 -21"><span class='ocrx_word' id='word_1_5' title='bbox 286 785 350 868; x_wconf 89' lang='lat' dir='ltr'>Ill.</span> <span class='ocrx_word' id='word_1_6' title='bbox 382 784 565 888; x_wconf 78' lang='lat' dir='ltr'>Epistula</span> <span class='ocrx_word' id='word_1_7' title='bbox 591 717 729 869; x_wconf 66' lang='lat' dir='ltr'>deutri</span> <span class='ocrx_word' id='word_1_8' title='bbox 759 782 809 866; x_wconf 89' lang='lat' dir='ltr'>ad</span> <span class='ocrx_word' id='word_1_9' title='bbox 836 781 1023 866; x_wconf 78' lang='lat' dir='ltr'>sanetum</span> <span class='ocrx_word' id='word_1_10' title='bbox 1044 780 1208 864; x_wconf 87' lang='lat' dir='ltr'>Paulum</span> 
     </span>
     <span class='ocr_line' id='line_1_3' title="bbox 604 921 888 1024; baseline -0.011 -19"><span class='ocrx_word' id='word_1_11' title='bbox 604 921 888 1024; x_wconf 59' lang='lat' dir='ltr'>episeepnm‘b.</span> 
     </span>
    </p>
   </div>
   <div class='ocr_carea' id='block_1_3' title="bbox 147 1290 1312 3045">
    <p class='ocr_par' dir='ltr' id='par_1_3' title="bbox 147 1290 1312 3045">
     <span class='ocr_line' id='line_1_4' title="bbox 225 1290 1303 1404; baseline -0.003 -18"><span class='ocrx_word' id='word_1_12' title='bbox 225 1290 390 1404; x_wconf 80' lang='lat' dir='ltr'>Postquam</span> <span class='ocrx_word' id='word_1_13' title='bbox 410 1345 506 1388; x_wconf 88' lang='lat' dir='ltr'>emnes</span> <span class='ocrx_word' id='word_1_14' title='bbox 531 1346 634 1402; x_wconf 84' lang='lat' dir='ltr'>aeques</span> <span class='ocrx_word' id='word_1_15' title='bbox 651 1331 716 1388; x_wconf 88' lang='lat' dir='ltr'>tuos</span> <span class='ocrx_word' id='word_1_16' title='bbox 733 1328 869 1403; x_wconf 75' lang='lat' dir='ltr'><strong>coquinae</strong></span> <span class='ocrx_word' id='word_1_17' title='bbox 892 1329 959 1387; x_wconf 87' lang='lat' dir='ltr'>tuae</span> <span class='ocrx_word' id='word_1_18' title='bbox 982 1325 1160 1386; x_wconf 80' lang='lat' dir='ltr'>renuntiasse</span> <span class='ocrx_word' id='word_1_19' title='bbox 1176 1325 1303 1400; x_wconf 82' lang='lat' dir='ltr'>eegnoui,</span> 
     </span>
     <span class='ocr_line' id='line_1_5' title="bbox 182 1429 1306 1508; baseline -0.004 -16"><span class='ocrx_word' id='word_1_20' title='bbox 182 1434 263 1492; x_wconf 87' lang='lat' dir='ltr'>eredo</span> <span class='ocrx_word' id='word_1_21' title='bbox 274 1432 343 1508; x_wconf 90' lang='lat' dir='ltr'>quia</span> <span class='ocrx_word' id='word_1_22' title='bbox 357 1432 579 1506; x_wconf 80' lang='lat' dir='ltr'>dedignarentur</span> <span class='ocrx_word' id='word_1_23' title='bbox 593 1430 718 1490; x_wconf 80' lang='lat' dir='ltr'>efficium</span> <span class='ocrx_word' id='word_1_24' title='bbox 732 1431 842 1491; x_wconf 91' lang='lat' dir='ltr'>uilibus</span> <span class='ocrx_word' id='word_1_25' title='bbox 857 1431 991 1505; x_wconf 85' lang='lat' dir='ltr'>praebere</span> <span class='ocrx_word' id='word_1_26' title='bbox 1006 1429 1215 1503; x_wconf 83' lang='lat' dir='ltr'>pulmentariis,</span> <span class='ocrx_word' id='word_1_27' title='bbox 1237 1445 1306 1503; x_wconf 92' lang='lat' dir='ltr'>pue·</span> 
     </span>
     <span class='ocr_line' id='line_1_6' title="bbox 147 1532 1312 1606; baseline -0.004 -11"><span class='ocrx_word' id='word_1_28' title='bbox 147 1558 159 1596; x_wconf 79' lang='lat' dir='ltr'>s</span> <span class='ocrx_word' id='word_1_29' title='bbox 182 1535 276 1594; x_wconf 87' lang='lat' dir='ltr'>rulum</span> <span class='ocrx_word' id='word_1_30' title='bbox 290 1534 345 1594; x_wconf 92' lang='lat' dir='ltr'>tibi</span> <span class='ocrx_word' id='word_1_31' title='bbox 360 1551 394 1593; x_wconf 81' lang='lat' dir='ltr'>er</span> <span class='ocrx_word' id='word_1_32' title='bbox 409 1537 506 1593; x_wconf 88' lang='lat' dir='ltr'>uestra</span> <span class='ocrx_word' id='word_1_33' title='bbox 521 1533 650 1593; x_wconf 87' lang='lat' dir='ltr'>misimus</span> <span class='ocrx_word' id='word_1_34' title='bbox 665 1533 792 1606; x_wconf 80' lang='lat' dir='ltr'>billaine,</span> <span class='ocrx_word' id='word_1_35' title='bbox 809 1535 922 1593; x_wconf 87' lang='lat' dir='ltr'>ductum</span> <span class='ocrx_word' id='word_1_36' title='bbox 938 1533 1009 1592; x_wconf 88' lang='lat' dir='ltr'>setis</span> <span class='ocrx_word' id='word_1_37' title='bbox 1023 1532 1179 1605; x_wconf 87' lang='lat' dir='ltr'>pallentem</span> <span class='ocrx_word' id='word_1_38' title='bbox 1194 1547 1312 1605; x_wconf 81' lang='lat' dir='ltr'>sequere</span> 
     </span>
     <span class='ocr_line' id='line_1_7' title="bbox 182 1634 1311 1711; baseline -0.004 -14"><span class='ocrx_word' id='word_1_39' title='bbox 182 1638 278 1697; x_wconf 84' lang='lat' dir='ltr'>fabam</span> <span class='ocrx_word' id='word_1_40' title='bbox 292 1640 322 1696; x_wconf 90' lang='lat' dir='ltr'>et</span> <span class='ocrx_word' id='word_1_41' title='bbox 336 1637 476 1711; x_wconf 70' lang='lat' dir='ltr'>ignobiles</span> <span class='ocrx_word' id='word_1_42' title='bbox 490 1637 573 1696; x_wconf 85' lang='lat' dir='ltr'>betas</span> <span class='ocrx_word' id='word_1_43' title='bbox 588 1640 666 1694; x_wconf 89' lang='lat' dir='ltr'>aeete</span> <span class='ocrx_word' id='word_1_44' title='bbox 689 1639 718 1695; x_wconf 89' lang='lat' dir='ltr'>et</span> <span class='ocrx_word' id='word_1_45' title='bbox 738 1637 799 1695; x_wconf 90' lang='lat' dir='ltr'>iure</span> <span class='ocrx_word' id='word_1_46' title='bbox 819 1635 933 1696; x_wconf 86' lang='lat' dir='ltr'>eundire</span> <span class='ocrx_word' id='word_1_47' title='bbox 953 1635 1098 1709; x_wconf 87' lang='lat' dir='ltr'>nilemque</span> <span class='ocrx_word' id='word_1_48' title='bbox 1120 1634 1231 1707; x_wconf 89' lang='lat' dir='ltr'>pultem</span> <span class='ocrx_word' id='word_1_49' title='bbox 1245 1650 1311 1693; x_wconf 87' lang='lat' dir='ltr'>esu·</span> 
     </span>
     <span class='ocr_line' id='line_1_8' title="bbox 182 1736 1312 1813; baseline -0.004 -14"><span class='ocrx_word' id='word_1_50' title='bbox 182 1741 316 1800; x_wconf 89' lang='lat' dir='ltr'>rientium</span> <span class='ocrx_word' id='word_1_51' title='bbox 332 1739 462 1798; x_wconf 74' lang='lat' dir='ltr'>faucibus</span> <span class='ocrx_word' id='word_1_52' title='bbox 476 1739 581 1798; x_wconf 87' lang='lat' dir='ltr'>inferre</span> <span class='ocrx_word' id='word_1_53' title='bbox 596 1740 810 1810; x_wconf 81' lang='lat' dir='ltr'>monachorum,</span> <span class='ocrx_word' id='word_1_54' title='bbox 834 1738 940 1813; x_wconf 84' lang='lat' dir='ltr'>piperis</span> <span class='ocrx_word' id='word_1_55' title='bbox 955 1738 1096 1810; x_wconf 80' lang='lat' dir='ltr'>nescium,</span> <span class='ocrx_word' id='word_1_56' title='bbox 1112 1736 1214 1796; x_wconf 87' lang='lat' dir='ltr'>laseris</span> <span class='ocrx_word' id='word_1_57' title='bbox 1228 1737 1312 1810; x_wconf 78' lang='lat' dir='ltr'>igna-</span> 
     </span>
     <span class='ocr_line' id='line_1_9' title="bbox 181 1839 1312 1916; baseline -0.005 -14"><span class='ocrx_word' id='word_1_58' title='bbox 181 1860 259 1914; x_wconf 91' lang='lat' dir='ltr'>rum,</span> <span class='ocrx_word' id='word_1_59' title='bbox 282 1841 454 1901; x_wconf 83' lang='lat' dir='ltr'>familiarem</span> <span class='ocrx_word' id='word_1_60' title='bbox 480 1841 585 1916; x_wconf 85' lang='lat' dir='ltr'>cymini</span> <span class='ocrx_word' id='word_1_61' title='bbox 608 1843 637 1900; x_wconf 88' lang='lat' dir='ltr'>et</span> <span class='ocrx_word' id='word_1_62' title='bbox 663 1841 789 1914; x_wconf 89' lang='lat' dir='ltr'>adprime</span> <span class='ocrx_word' id='word_1_63' title='bbox 810 1841 945 1900; x_wconf 83' lang='lat' dir='ltr'>callidum</span> <span class='ocrx_word' id='word_1_64' title='bbox 967 1841 1063 1899; x_wconf 89' lang='lat' dir='ltr'>herbis</span> <span class='ocrx_word' id='word_1_65' title='bbox 1079 1855 1167 1898; x_wconf 85' lang='lat' dir='ltr'>suane</span> <span class='ocrx_word' id='word_1_66' title='bbox 1182 1839 1312 1898; x_wconf 90' lang='lat' dir='ltr'>redelen-</span> 
     </span>
     <span class='ocr_line' id='line_1_10' title="bbox 181 1941 1311 2018; baseline -0.004 -14"><span class='ocrx_word' id='word_1_67' title='bbox 181 1946 260 2004; x_wconf 88' lang='lat' dir='ltr'>tibus</span> <span class='ocrx_word' id='word_1_68' title='bbox 274 1946 429 2004; x_wconf 76' lang='lat' dir='ltr'>clamosum</span> <span class='ocrx_word' id='word_1_69' title='bbox 445 1961 545 2018; x_wconf 82' lang='lat' dir='ltr'>urgere</span> <span class='ocrx_word' id='word_1_70' title='bbox 560 1943 736 2002; x_wconf 87' lang='lat' dir='ltr'>mortarium.</span> <span class='ocrx_word' id='word_1_71' title='bbox 759 1961 849 2002; x_wconf 90' lang='lat' dir='ltr'>uuum</span> <span class='ocrx_word' id='word_1_72' title='bbox 869 1943 956 2002; x_wconf 91' lang='lat' dir='ltr'>habet</span> <span class='ocrx_word' id='word_1_73' title='bbox 977 1942 1095 2014; x_wconf 90' lang='lat' dir='ltr'>uitium,</span> <span class='ocrx_word' id='word_1_74' title='bbox 1119 1942 1193 2016; x_wconf 89' lang='lat' dir='ltr'>qued</span> <span class='ocrx_word' id='word_1_75' title='bbox 1214 1941 1311 2000; x_wconf 88' lang='lat' dir='ltr'>horte-</span> 
     </span>
     <span class='ocr_line' id='line_1_11' title="bbox 147 2043 1310 2117; baseline -0.007 -7"><span class='ocrx_word' id='word_1_76' title='bbox 147 2067 245 2112; x_wconf 81' lang='lat' dir='ltr'>rorem</span> <span class='ocrx_word' id='word_1_77' title='bbox 266 2049 392 2107; x_wconf 87' lang='lat' dir='ltr'>emnium</span> <span class='ocrx_word' id='word_1_78' title='bbox 406 2049 533 2106; x_wconf 85' lang='lat' dir='ltr'>nonest</span> <span class='ocrx_word' id='word_1_79' title='bbox 555 2046 651 2105; x_wconf 79' lang='lat' dir='ltr'>ciuilis</span> <span class='ocrx_word' id='word_1_80' title='bbox 665 2045 812 2105; x_wconf 87' lang='lat' dir='ltr'>inimieus:</span> <span class='ocrx_word' id='word_1_81' title='bbox 836 2046 893 2117; x_wconf 87' lang='lat' dir='ltr'>ita,</span> <span class='ocrx_word' id='word_1_82' title='bbox 920 2045 945 2104; x_wconf 92' lang='lat' dir='ltr'>si</span> <span class='ocrx_word' id='word_1_83' title='bbox 961 2043 1102 2104; x_wconf 86' lang='lat' dir='ltr'>admissus</span> <span class='ocrx_word' id='word_1_84' title='bbox 1117 2043 1221 2116; x_wconf 82' lang='lat' dir='ltr'>fuerit,</span> <span class='ocrx_word' id='word_1_85' title='bbox 1246 2060 1310 2116; x_wconf 87' lang='lat' dir='ltr'>pre·</span> 
     </span>
     <span class='ocr_line' id='line_1_12' title="bbox 181 2144 1311 2225; baseline -0.007 -15"><span class='ocrx_word' id='word_1_86' title='bbox 181 2152 258 2210; x_wconf 84' lang='lat' dir='ltr'>xima</span> <span class='ocrx_word' id='word_1_87' title='bbox 274 2167 403 2225; x_wconf 87' lang='lat' dir='ltr'>quaeque</span> <span class='ocrx_word' id='word_1_88' title='bbox 425 2152 513 2208; x_wconf 90' lang='lat' dir='ltr'>metet</span> <span class='ocrx_word' id='word_1_89' title='bbox 533 2149 630 2223; x_wconf 83' lang='lat' dir='ltr'>gladie</span> <span class='ocrx_word' id='word_1_90' title='bbox 650 2166 701 2208; x_wconf 91' lang='lat' dir='ltr'>nee</span> <span class='ocrx_word' id='word_1_91' title='bbox 721 2148 935 2208; x_wconf 78' lang='lat' dir='ltr'>exsaturabitur</span> <span class='ocrx_word' id='word_1_92' title='bbox 949 2164 1084 2221; x_wconf 87' lang='lat' dir='ltr'>umquam</span> <span class='ocrx_word' id='word_1_93' title='bbox 1100 2146 1184 2204; x_wconf 87' lang='lat' dir='ltr'>eaede</span> <span class='ocrx_word' id='word_1_94' title='bbox 1199 2144 1311 2203; x_wconf 88' lang='lat' dir='ltr'>melna-</span> 
     </span>
     <span class='ocr_line' id='line_1_13' title="bbox 181 2246 1312 2326; baseline -0.008 -13"><span class='ocrx_word' id='word_1_95' title='bbox 181 2273 253 2313; x_wconf 88' lang='lat' dir='ltr'>rum.</span> <span class='ocrx_word' id='word_1_96' title='bbox 277 2255 307 2312; x_wconf 92' lang='lat' dir='ltr'>in</span> <span class='ocrx_word' id='word_1_97' title='bbox 322 2252 490 2326; x_wconf 86' lang='lat' dir='ltr'>praebendis</span> <span class='ocrx_word' id='word_1_98' title='bbox 506 2254 602 2310; x_wconf 88' lang='lat' dir='ltr'>autem</span> <span class='ocrx_word' id='word_1_99' title='bbox 617 2252 672 2309; x_wconf 93' lang='lat' dir='ltr'>sibi</span> <span class='ocrx_word' id='word_1_100' title='bbox 687 2250 776 2325; x_wconf 73' lang='lat' dir='ltr'>lignis</span> <span class='ocrx_word' id='word_1_101' title='bbox 790 2250 982 2310; x_wconf 81' lang='lat' dir='ltr'>calumniosus</span> <span class='ocrx_word' id='word_1_102' title='bbox 997 2249 1052 2308; x_wconf 89' lang='lat' dir='ltr'>tibi</span> <span class='ocrx_word' id='word_1_103' title='bbox 1066 2265 1123 2308; x_wconf 89' lang='lat' dir='ltr'>nen</span> <span class='ocrx_word' id='word_1_104' title='bbox 1138 2247 1209 2306; x_wconf 89' lang='lat' dir='ltr'>erit:</span> <span class='ocrx_word' id='word_1_105' title='bbox 1227 2246 1312 2305; x_wconf 89' lang='lat' dir='ltr'>ebuia</span> 
     </span>
     <span class='ocr_line' id='line_1_14' title="bbox 180 2349 1311 2431; baseline -0.009 -14"><span class='ocrx_word' id='word_1_106' title='bbox 180 2373 310 2431; x_wconf 85' lang='lat' dir='ltr'>quaeque</span> <span class='ocrx_word' id='word_1_107' title='bbox 331 2357 481 2426; x_wconf 83' lang='lat' dir='ltr'>comburet,</span> <span class='ocrx_word' id='word_1_108' title='bbox 505 2357 593 2413; x_wconf 86' lang='lat' dir='ltr'>metet</span> <span class='ocrx_word' id='word_1_109' title='bbox 613 2370 664 2413; x_wconf 90' lang='lat' dir='ltr'>nee</span> <span class='ocrx_word' id='word_1_110' title='bbox 684 2353 828 2413; x_wconf 87' lang='lat' dir='ltr'>dubitabit</span> <span class='ocrx_word' id='word_1_111' title='bbox 849 2352 953 2412; x_wconf 86' lang='lat' dir='ltr'>inferre</span> <span class='ocrx_word' id='word_1_112' title='bbox 974 2351 1059 2411; x_wconf 86' lang='lat' dir='ltr'>tectis</span> <span class='ocrx_word' id='word_1_113' title='bbox 1074 2367 1175 2409; x_wconf 91' lang='lat' dir='ltr'>manus</span> <span class='ocrx_word' id='word_1_114' title='bbox 1190 2351 1219 2409; x_wconf 90' lang='lat' dir='ltr'>et</span> <span class='ocrx_word' id='word_1_115' title='bbox 1234 2349 1311 2408; x_wconf 89' lang='lat' dir='ltr'>anti·</span> 
     </span>
     <span class='ocr_line' id='line_1_15' title="bbox 181 2451 1312 2534; baseline -0.01 -14"><span class='ocrx_word' id='word_1_116' title='bbox 181 2478 253 2534; x_wconf 88' lang='lat' dir='ltr'>ques</span> <span class='ocrx_word' id='word_1_117' title='bbox 267 2475 377 2519; x_wconf 87' lang='lat' dir='ltr'>asseres</span> <span class='ocrx_word' id='word_1_118' title='bbox 391 2458 501 2516; x_wconf 89' lang='lat' dir='ltr'>laribus</span> <span class='ocrx_word' id='word_1_119' title='bbox 516 2473 655 2516; x_wconf 88' lang='lat' dir='ltr'>amouere.</span> <span class='ocrx_word' id='word_1_120' title='bbox 678 2458 754 2516; x_wconf 85' lang='lat' dir='ltr'>hune</span> <span class='ocrx_word' id='word_1_121' title='bbox 769 2456 859 2531; x_wconf 85' lang='lat' dir='ltr'>igitur</span> <span class='ocrx_word' id='word_1_122' title='bbox 874 2473 937 2515; x_wconf 89' lang='lat' dir='ltr'>eum</span> <span class='ocrx_word' id='word_1_123' title='bbox 952 2455 998 2513; x_wconf 90' lang='lat' dir='ltr'>his</span> <span class='ocrx_word' id='word_1_124' title='bbox 1009 2454 1135 2513; x_wconf 87' lang='lat' dir='ltr'>moribus</span> <span class='ocrx_word' id='word_1_125' title='bbox 1148 2454 1239 2526; x_wconf 88' lang='lat' dir='ltr'>adque</span> <span class='ocrx_word' id='word_1_126' title='bbox 1251 2451 1312 2510; x_wconf 92' lang='lat' dir='ltr'>uir·</span> 
     </span>
     <span class='ocr_line' id='line_1_16' title="bbox 147 2553 1310 2632; baseline -0.007 -10"><span class='ocrx_word' id='word_1_127' title='bbox 147 2584 172 2623; x_wconf 83' lang='lat' dir='ltr'>rs</span> <span class='ocrx_word' id='word_1_128' title='bbox 181 2563 294 2620; x_wconf 91' lang='lat' dir='ltr'>tutibus</span> <span class='ocrx_word' id='word_1_129' title='bbox 309 2562 445 2620; x_wconf 89' lang='lat' dir='ltr'>donatum</span> <span class='ocrx_word' id='word_1_130' title='bbox 460 2560 515 2618; x_wconf 89' lang='lat' dir='ltr'>tibi</span> <span class='ocrx_word' id='word_1_131' title='bbox 529 2577 586 2619; x_wconf 89' lang='lat' dir='ltr'>nen</span> <span class='ocrx_word' id='word_1_132' title='bbox 600 2576 724 2629; x_wconf 88' lang='lat' dir='ltr'>seruum,</span> <span class='ocrx_word' id='word_1_133' title='bbox 748 2560 797 2618; x_wconf 88' lang='lat' dir='ltr'>sed</span> <span class='ocrx_word' id='word_1_134' title='bbox 812 2576 864 2632; x_wconf 88' lang='lat' dir='ltr'>pre</span> <span class='ocrx_word' id='word_1_135' title='bbox 879 2575 961 2617; x_wconf 87' lang='lat' dir='ltr'>seruo</span> <span class='ocrx_word' id='word_1_136' title='bbox 978 2557 1070 2616; x_wconf 87' lang='lat' dir='ltr'>filium</span> <span class='ocrx_word' id='word_1_137' title='bbox 1085 2555 1225 2630; x_wconf 83' lang='lat' dir='ltr'>cupimus,</span> <span class='ocrx_word' id='word_1_138' title='bbox 1242 2553 1310 2629; x_wconf 89' lang='lat' dir='ltr'>quia</span> 
     </span>
     <span class='ocr_line' id='line_1_17' title="bbox 182 2657 1311 2736; baseline -0.005 -14"><span class='ocrx_word' id='word_1_139' title='bbox 182 2681 238 2724; x_wconf 90' lang='lat' dir='ltr'>neu</span> <span class='ocrx_word' id='word_1_140' title='bbox 253 2663 396 2724; x_wconf 87' lang='lat' dir='ltr'>erubeseis</span> <span class='ocrx_word' id='word_1_141' title='bbox 410 2662 591 2721; x_wconf 86' lang='lat' dir='ltr'>minimorum</span> <span class='ocrx_word' id='word_1_142' title='bbox 606 2678 668 2721; x_wconf 90' lang='lat' dir='ltr'>esse</span> <span class='ocrx_word' id='word_1_143' title='bbox 683 2663 774 2736; x_wconf 86' lang='lat' dir='ltr'>pater.</span> <span class='ocrx_word' id='word_1_144' title='bbox 797 2677 849 2735; x_wconf 82' lang='lat' dir='ltr'>ege</span> <span class='ocrx_word' id='word_1_145' title='bbox 864 2661 918 2719; x_wconf 89' lang='lat' dir='ltr'>tibi</span> <span class='ocrx_word' id='word_1_146' title='bbox 940 2677 990 2734; x_wconf 90' lang='lat' dir='ltr'>pre</span> <span class='ocrx_word' id='word_1_147' title='bbox 1011 2660 1063 2718; x_wconf 88' lang='lat' dir='ltr'>hoe</span> <span class='ocrx_word' id='word_1_148' title='bbox 1079 2657 1186 2717; x_wconf 86' lang='lat' dir='ltr'>seruire</span> <span class='ocrx_word' id='word_1_149' title='bbox 1201 2657 1311 2716; x_wconf 87' lang='lat' dir='ltr'>uoluis-</span> 
     </span>
     <span class='ocr_line' id='line_1_18' title="bbox 183 2759 1311 2839; baseline -0.005 -15"><span class='ocrx_word' id='word_1_150' title='bbox 183 2783 257 2839; x_wconf 87' lang='lat' dir='ltr'>sem,</span> <span class='ocrx_word' id='word_1_151' title='bbox 280 2766 329 2826; x_wconf 88' lang='lat' dir='ltr'>sed</span> <span class='ocrx_word' id='word_1_152' title='bbox 345 2766 370 2826; x_wconf 90' lang='lat' dir='ltr'>si</span> <span class='ocrx_word' id='word_1_153' title='bbox 386 2765 522 2824; x_wconf 84' lang='lat' dir='ltr'>uoluntas</span> <span class='ocrx_word' id='word_1_154' title='bbox 536 2764 607 2823; x_wconf 87' lang='lat' dir='ltr'>faeti</span> <span class='ocrx_word' id='word_1_155' title='bbox 621 2763 713 2838; x_wconf 86' lang='lat' dir='ltr'>purtie</span> <span class='ocrx_word' id='word_1_156' title='bbox 728 2766 789 2836; x_wconf 86' lang='lat' dir='ltr'>est,</span> <span class='ocrx_word' id='word_1_157' title='bbox 805 2764 839 2822; x_wconf 92' lang='lat' dir='ltr'>tu</span> <span class='ocrx_word' id='word_1_158' title='bbox 855 2764 935 2822; x_wconf 87' lang='lat' dir='ltr'>mede</span> <span class='ocrx_word' id='word_1_159' title='bbox 950 2761 1037 2821; x_wconf 82' lang='lat' dir='ltr'>facitu</span> <span class='ocrx_word' id='word_1_160' title='bbox 1052 2764 1086 2820; x_wconf 91' lang='lat' dir='ltr'>ut</span> <span class='ocrx_word' id='word_1_161' title='bbox 1101 2761 1176 2819; x_wconf 88' lang='lat' dir='ltr'>inter</span> <span class='ocrx_word' id='word_1_162' title='bbox 1191 2759 1311 2833; x_wconf 85' lang='lat' dir='ltr'>prandia</span> 
     </span>
     <span class='ocr_line' id='line_1_19' title="bbox 182 2861 1312 2944; baseline -0.007 -16"><span class='ocrx_word' id='word_1_163' title='bbox 182 2884 322 2944; x_wconf 85' lang='lat' dir='ltr'>uenasque</span> <span class='ocrx_word' id='word_1_164' title='bbox 337 2868 436 2927; x_wconf 76' lang='lat' dir='ltr'>felices</span> <span class='ocrx_word' id='word_1_165' title='bbox 449 2868 504 2926; x_wconf 91' lang='lat' dir='ltr'>mei</span> <span class='ocrx_word' id='word_1_166' title='bbox 519 2866 696 2938; x_wconf 88' lang='lat' dir='ltr'>memineris,</span> <span class='ocrx_word' id='word_1_167' title='bbox 719 2866 788 2940; x_wconf 90' lang='lat' dir='ltr'>quie</span> <span class='ocrx_word' id='word_1_168' title='bbox 803 2866 909 2925; x_wconf 85' lang='lat' dir='ltr'>reetius</span> <span class='ocrx_word' id='word_1_169' title='bbox 924 2867 968 2924; x_wconf 89' lang='lat' dir='ltr'>est</span> <span class='ocrx_word' id='word_1_170' title='bbox 983 2867 1111 2923; x_wconf 88' lang='lat' dir='ltr'>uestrum</span> <span class='ocrx_word' id='word_1_171' title='bbox 1126 2879 1188 2922; x_wconf 90' lang='lat' dir='ltr'>esse</span> <span class='ocrx_word' id='word_1_172' title='bbox 1203 2861 1312 2921; x_wconf 84' lang='lat' dir='ltr'>manci·</span> 
     </span>
     <span class='ocr_line' id='line_1_20' title="bbox 183 2970 911 3045; baseline -0.005 -15"><span class='ocrx_word' id='word_1_173' title='bbox 183 2973 262 3045; x_wconf 89' lang='lat' dir='ltr'>pium</span> <span class='ocrx_word' id='word_1_174' title='bbox 278 2988 364 3045; x_wconf 86' lang='lat' dir='ltr'>qnam</span> <span class='ocrx_word' id='word_1_175' title='bbox 379 2970 523 3030; x_wconf 87' lang='lat' dir='ltr'>domiuum</span> <span class='ocrx_word' id='word_1_176' title='bbox 538 2971 703 3029; x_wconf 78' lang='lat' dir='ltr'>ceterorum.</span> <span class='ocrx_word' id='word_1_177' title='bbox 727 2985 776 3026; x_wconf 87' lang='lat' dir='ltr'>ora</span> <span class='ocrx_word' id='word_1_178' title='bbox 792 2985 843 3042; x_wconf 90' lang='lat' dir='ltr'>pre</span> <span class='ocrx_word' id='word_1_179' title='bbox 858 2985 911 3027; x_wconf 92' lang='lat' dir='ltr'>me.</span> 
     </span>
    </p>
   </div>
   <div class='ocr_carea' id='block_1_4' title="bbox 186 3162 1314 3494">
    <p class='ocr_par' dir='ltr' id='par_1_4' title="bbox 186 3162 1314 3494">
     <span class='ocr_line' id='line_1_21' title="bbox 236 3162 1313 3240; baseline -0.008 -16"><span class='ocrx_word' id='word_1_180' title='bbox 236 3171 261 3240; x_wconf 70' lang='lat'>⁸)</span> <span class='ocrx_word' id='word_1_181' title='bbox 278 3169 354 3224; x_wconf 83' lang='lat' dir='ltr'>Hane</span> <span class='ocrx_word' id='word_1_182' title='bbox 376 3171 404 3223; x_wconf 93' lang='lat' dir='ltr'>et</span> <span class='ocrx_word' id='word_1_183' title='bbox 425 3170 565 3238; x_wconf 86' lang='lat' dir='ltr'>sequentes</span> <span class='ocrx_word' id='word_1_184' title='bbox 586 3167 714 3237; x_wconf 84' lang='lat' dir='ltr'>epistolas</span> <span class='ocrx_word' id='word_1_185' title='bbox 727 3167 844 3236; x_wconf 92' lang='lat' dir='ltr'>primum</span> <span class='ocrx_word' id='word_1_186' title='bbox 865 3166 951 3220; x_wconf 87' lang='lat' dir='ltr'>edidit</span> <span class='ocrx_word' id='word_1_187' title='bbox 969 3164 1108 3234; x_wconf 80' lang='lat' dir='ltr'>D&#39;Aehery</span> <span class='ocrx_word' id='word_1_188' title='bbox 1126 3163 1154 3217; x_wconf 89' lang='lat' dir='ltr'>in</span> <span class='ocrx_word' id='word_1_189' title='bbox 1168 3162 1313 3232; x_wconf 68' lang='lat' dir='ltr'>spicilegio</span> 
     </span>
     <span class='ocr_line' id='line_1_22' title="bbox 188 3254 1314 3409; baseline -0.006 -13"><span class='ocrx_word' id='word_1_190' title='bbox 188 3255 220 3319; x_wconf 49' lang='lat' dir='ltr'>v,</span> <span class='ocrx_word' id='word_1_191' title='bbox 236 3254 408 3409; x_wconf 49' lang='grc' dir='ltr'>ἓδξτξὲἓὲτο]</span> <span class='ocrx_word' id='word_1_192' title='bbox 420 3339 482 3393; x_wconf 89' lang='lat' dir='ltr'>bere</span> <span class='ocrx_word' id='word_1_193' title='bbox 495 3340 523 3394; x_wconf 93' lang='lat' dir='ltr'><strong><em>P</em></strong></span> <span class='ocrx_word' id='word_1_194' title='bbox 532 3341 563 3393; x_wconf 81' lang='lat' dir='ltr'>ia</span> <span class='ocrx_word' id='word_1_195' title='bbox 574 3355 629 3393; x_wconf 84' lang='lat' dir='ltr'>rae.</span> <span class='ocrx_word' id='word_1_196' title='bbox 644 3338 725 3406; x_wconf 89' lang='lat' dir='ltr'>(P=</span> <span class='ocrx_word' id='word_1_197' title='bbox 735 3338 828 3393; x_wconf 81' lang='lat' dir='ltr'>Patet.</span> <span class='ocrx_word' id='word_1_198' title='bbox 845 3338 931 3394; x_wconf 78' lang='lat' dir='ltr'>Vatia.</span> <span class='ocrx_word' id='word_1_199' title='bbox 944 3339 1003 3393; x_wconf 76' lang='lat'>829</span> <span class='ocrx_word' id='word_1_200' title='bbox 1014 3352 1082 3392; x_wconf 80' lang='lat' dir='ltr'>saec.</span> <span class='ocrx_word' id='word_1_201' title='bbox 1092 3336 1150 3405; x_wconf 79' lang='lat' dir='ltr'>IX)</span> <span class='ocrx_word' id='word_1_202' title='bbox 1203 3336 1222 3392; x_wconf 83' lang='lat'><strong>6</strong></span> <span class='ocrx_word' id='word_1_203' title='bbox 1240 3339 1314 3390; x_wconf 80' lang='lat' dir='ltr'>aceto</span> 
     </span>
     <span class='ocr_line' id='line_1_23' title="bbox 186 3421 891 3494; baseline 0 -16"><span class='ocrx_word' id='word_1_204' title='bbox 186 3442 216 3478; x_wconf 80' lang='lat' dir='ltr'>ex</span> <span class='ocrx_word' id='word_1_205' title='bbox 228 3425 286 3480; x_wconf 88' lang='lat' dir='ltr'>iure</span> <span class='ocrx_word' id='word_1_206' title='bbox 299 3426 326 3480; x_wconf 88' lang='lat' dir='ltr'><strong><em>P</em></strong></span> <span class='ocrx_word' id='word_1_207' title='bbox 347 3427 360 3494; x_wconf 82' lang='grc' dir='ltr'>ΙΙ</span> <span class='ocrx_word' id='word_1_208' title='bbox 382 3425 558 3480; x_wconf 85' lang='lat' dir='ltr'>esuriensinm</span> <span class='ocrx_word' id='word_1_209' title='bbox 573 3426 601 3479; x_wconf 89' lang='lat' dir='ltr'><strong><em>P</em></strong></span> <span class='ocrx_word' id='word_1_210' title='bbox 654 3423 690 3480; x_wconf 89' lang='lat'>13</span> <span class='ocrx_word' id='word_1_211' title='bbox 708 3421 847 3478; x_wconf 82' lang='lat' dir='ltr'>dubitauit</span> <span class='ocrx_word' id='word_1_212' title='bbox 864 3425 891 3478; x_wconf 92' lang='lat' dir='ltr'><strong><em>P</em></strong></span> 
     </span>
    </p>
   </div>
   <div class='ocr_carea' id='block_1_5' title="bbox 0 0 1657 5142">
    <p class='ocr_par' dir='ltr' id='par_1_5' title="bbox 0 0 1657 5142">
     <span class='ocr_line' id='line_1_24' title="bbox 0 0 1657 5142; baseline 0 0"><span class='ocrx_word' id='word_1_213' title='bbox 0 0 1657 5142; x_wconf 95' lang='lat' dir='ltr'> </span> 
     </span>
    </p>
   </div>
  </div>
 </body>
</html>
