3300 5142
323 547 390 600 vm

322 731 357 802 p.
380 707 400 778 6
424 703 670 804 propositum:
695 729 772 778 cnm
791 716 910 778 nestro
928 701 1102 802 Hippone
1119 704 1179 779 nel
1195 703 1326 802 Epona
1334 732 1347 792 ;
1372 729 1460 776 nam

321 823 520 922 Rigaltium
545 851 670 898 uerum
710 823 844 898 uidisse
880 826 986 899 docet
1014 824 1114 899 locus
1146 823 1344 898 consimilis
1367 824 1460 897 Tec-

320 944 461 1018 tulliani
496 946 532 1018 in
563 945 720 1044 Apolog.
745 971 773 1019 c.
798 949 861 1018 16:
903 970 968 1020 uos
995 958 1110 1020 tomen
1133 969 1204 1020 non
1226 945 1402 1043 necabitis
1425 957 1463 1018 et

320 1065 477 1139 iumenta
502 1065 623 1139 omnio
646 1078 678 1138 et
706 1078 793 1140 totos
822 1066 1019 1141 cantherios
1042 1091 1120 1140 oum
1142 1091 1211 1140 suo
1234 1064 1364 1162 Epona
1386 1063 1462 1139 coli

321 1210 345 1259 o
367 1185 479 1258 uobis.
520 1185 722 1258 necessario
758 1197 877 1260 autem
915 1185 1165 1286 supplemento
1200 1196 1345 1285 accepto
1381 1183 1458 1258 iem

319 1304 408 1378 haec
430 1315 486 1378 est
508 1305 687 1378 sententia
720 1306 756 1378 in
793 1305 942 1380 Minucii
977 1306 1075 1380 loeo:
1111 1307 1180 1380 nisi
1205 1293 1310 1405 quod
1327 1332 1391 1380 uos
1416 1318 1459 1379 et

317 1435 417 1498 totos
439 1424 560 1499 asinos
582 1425 620 1500 in
647 1425 797 1501 stabulis
820 1452 902 1501 oum
928 1438 1048 1501 uestra
1070 1428 1108 1524 (i.
1129 1452 1157 1500 e.
1177 1427 1244 1500 dea
1262 1453 1368 1525 quam
1389 1453 1455 1501 oo-

316 1544 390 1619 lere
414 1572 479 1620 uos
502 1572 576 1620 non
597 1547 728 1646 pudet)
760 1546 818 1621 uel
841 1573 905 1621 sua
927 1547 1054 1647 Epona
1085 1547 1125 1644 (i.
1150 1571 1178 1620 e.
1204 1547 1281 1620 siue
1304 1546 1361 1619 ille
1383 1573 1456 1646 po-

317 1665 391 1740 tius
415 1667 497 1758 dea,
539 1693 629 1765 quae
660 1668 706 1740 ad
729 1667 912 1742 asinorum
946 1667 1085 1742 stabula
1113 1666 1288 1766 pertinet)
1325 1691 1456 1742 conse-

317 1786 437 1861 oratis.

371 1906 457 2007 Cap.
479 1912 512 1996 6,
540 1914 558 1981 1
583 1910 669 1982 haec
691 1908 862 2007 leguntur
884 1908 921 1982 in
945 1909 1088 1984 codice:
1134 1905 1222 1983 Com
1246 1907 1356 2006 ipitur
1387 1921 1458 1982 out

306 2031 463 2125 fortuna
481 2039 574 2102 certo
593 2041 658 2102 ont
674 2029 807 2104 incerto
823 2042 957 2104 notura
976 2030 1031 2118 sit,
1056 2040 1190 2128 quanto
1208 2027 1453 2102 memorabilius

316 2173 359 2223 oe
379 2147 507 2223 melius
529 2149 701 2222 antistites
722 2148 884 2223 ueritatis
907 2150 1083 2224 maiorum
1107 2149 1262 2247 occipere
1288 2146 1452 2244 discipli-

314 2293 416 2361 nom,
439 2267 628 2366 relipiones
651 2269 803 2343 traditos
827 2269 936 2344 colere
958 2280 1024 2344 etc.
1047 2269 1084 2343 in
1103 2269 1161 2343 his
1181 2267 1300 2342 uerbis
1319 2267 1451 2342 Dom-

314 2388 479 2463 bartus
504 2401 608 2463 uetus
632 2389 760 2463 uit-ium
798 2389 961 2482 sensuit,
998 2391 1060 2488 qui
1095 2391 1234 2490 primus
1266 2388 1451 2462 intellexit

312 2510 497 2582 fortunam
520 2535 593 2581 non
617 2510 779 2608 potuisse
814 2522 978 2584 certam
1017 2509 1207 2584 nominari.
1242 2509 1314 2584 hoc
1349 2509 1447 2582 enim

311 2628 499 2728 epitheton
523 2652 605 2702 oum
628 2631 776 2704 omnino
799 2629 954 2705 alienum
979 2642 1035 2706 est
1063 2631 1251 2704 asortuna
1273 2629 1445 2720 instabili,

310 2761 390 2823 tum
409 2749 632 2823 contrarium
649 2749 769 2824 uerbis
785 2753 952 2850 proxime
967 2750 1263 2825 antecedentibus
1278 2753 1328 2850 (p.
1341 2754 1374 2838 9,
1386 2752 1445 2847 5):

312 2869 401 2944 odeo
437 2881 502 2944 ont
535 2869 670 2943 incerto
702 2871 804 2944 nobie
833 2872 968 2947 uentos
991 2869 1188 2946 occultator
1210 2883 1241 2944 et
1257 2872 1443 2968 premitur,

311 3002 394 3083 aot,
412 2989 509 3089 qnod
529 2989 647 3088 moqis
665 2991 875 3065 credendum
900 3004 968 3082 est,
993 2992 1110 3066 uariis
1132 3004 1164 3066 et
1186 2989 1333 3065 lubricis
1351 2990 1443 3064 cosi·

310 3107 375 3182 bns
406 3107 558 3184 solnta
582 3107 758 3207 leqibos
780 3111 936 3207 fortuna
958 3111 1173 3186 dominatur.
1207 3137 1301 3209 quae
1323 3121 1442 3185 autem

309 3228 501 3327 appellatio
530 3229 704 3303 conuenit
739 3229 878 3304 solutae
913 3229 1053 3328 legibus
1090 3231 1284 3305 fortunae?
1307 3255 1441 3322 coetae,

309 3348 455 3447 opinor,
476 3360 516 3422 ut
535 3349 673 3449 optime
692 3351 853 3424 correxit
867 3350 1102 3426 Dombertus.
1122 3353 1160 3424 in
1182 3351 1301 3426 uerbis
1320 3365 1438 3424 autem

309 3494 400 3566 quae
423 3468 547 3543 statim
571 3482 777 3567 sequuntur
798 3472 1001 3544 notandum
1031 3483 1086 3546 est
1121 3471 1312 3546 lectionem
1350 3472 1440 3546 onti-

305 3587 402 3662 stites
419 3587 599 3680 ueritatis,
623 3591 789 3688 quamuis
821 3617 900 3666 eam
935 3617 1044 3666 sensu
1072 3617 1193 3667 carere
1210 3593 1439 3666 manifestum

306 3709 374 3800 sit,
398 3707 435 3781 in
459 3708 669 3783 nouissimis
692 3708 838 3785 Octauii
860 3710 1039 3811 exemplis
1062 3713 1181 3786 adhue
1204 3712 1438 3802 circumferri,

305 3828 410 3905 cuius
441 3829 520 3904 loco
550 3829 619 3903 iam
657 3831 861 3906 loannes
896 3859 917 3906 a
951 3831 1123 3907 Wower
1158 3833 1250 3906 bene
1281 3833 1439 3908 conexit

305 3950 494 4025 antistitem
529 3951 700 4028 ueritates.
739 3954 918 4028 sententia
941 3966 1014 4028 est:
1057 3965 1195 4054 quanto
1227 3954 1354 4030 melius
1385 3966 1440 4028 est

302 4071 483 4145 maiorum
506 4071 732 4172 disciplinam
754 4075 922 4174 excipere
946 4075 1047 4174 quasi
1078 4074 1282 4176 principem
1311 4088 1348 4149 et·
1377 4075 1439 4149 ob·

300 4189 416 4265 sidem
452 4193 819 4269 ueritatis—Paulo
842 4207 926 4296 post
962 4200 1102 4288 0.6,1
1142 4195 1253 4295 uulgo
1284 4196 1439 4296 legitur:

297 4309 387 4386 inde
406 4313 494 4386 odeo
512 4340 579 4410 per
600 4317 771 4390 uniuerso
794 4317 981 4414 imperio..
1006 4319 1170 4392 uidemus
1192 4317 1357 4416 sinpnlos
1378 4343 1435 4391 sa·

302 4456 442 4508 orornm
464 4433 555 4509 ritus
575 4435 724 4533 pentiles
746 4437 874 4512 lolem
907 4451 939 4512 et
966 4440 1048 4513 deos
1084 4438 1196 4514 colore
1228 4438 1440 4536 municipes,
