3300 5142
370 553 461 604 xvm

371 724 454 784 tum.
494 706 619 784 Zoton
641 721 672 784 et
701 705 917 809 Chrysippus
949 722 1017 784 etc.
1050 709 1346 810 deprauationern
1377 721 1494 784 autem
1591 734 1592 762 ³

370 829 441 903 loci
463 829 548 904 hino
571 840 688 902 ortem
710 854 791 904 esse
806 827 993 928 probabile
1010 831 1164 920 uidetur,
1188 832 1384 929 quodcum
1409 855 1497 928 quae

371 952 416 1025 de
434 950 686 1050 Theophrasto
703 949 839 1049 scripte
866 961 986 1042 erant,
1014 951 1308 1043 intercidissent,
1332 977 1379 1025 ex
1404 977 1498 1023 mor·

371 1072 456 1172 gine
480 1071 645 1171 suppleta
667 1081 703 1144 et
724 1071 761 1143 in
789 1069 949 1144 alienum
975 1071 1095 1146 locum
1123 1073 1269 1146 nominc
1296 1069 1497 1171 philosophi

372 1193 551 1286 (aristoles
570 1191 759 1289 pontionis)
789 1217 838 1264 ex
866 1191 998 1264 uicinia
1024 1192 1149 1265 addito
1175 1191 1286 1264 inlata
1313 1203 1408 1264 sunt.

425 1311 535 1401 Quod
557 1337 586 1384 c.
607 1313 667 1401 20,
692 1313 713 1384 3
737 1312 775 1384 in
794 1311 921 1386 codice
939 1313 1118 1410 scriptum
1138 1323 1210 1385 est:
1232 1325 1271 1386 ut
1289 1324 1413 1386 tenne
1429 1336 1498 1384 cre-
1592 1405 1593 1408 Ἴ

372 1433 526 1508 diderint
552 1432 657 1506 ctiam
684 1431 757 1505 olio
784 1432 889 1528 (talia
915 1443 1012 1506 recte
1041 1431 1250 1530 Vonckius)
1281 1445 1499 1506 moriscum

371 1554 468 1628 mira
493 1553 680 1642 miranda,
699 1551 856 1652 Scyllam
873 1553 1109 1652 nodttplioern,
1145 1549 1371 1628 Chimaeram
1387 1551 1499 1626 mndi-

368 1675 521 1766 formem
535 1684 620 1765 etc,
635 1675 711 1747 iam
726 1674 871 1771 primus
888 1672 1009 1748 editor
1019 1669 1185 1750 Sabaeus
1202 1683 1304 1747 recte
1323 1672 1500 1747 intellexit

370 1795 467 1869 meio
484 1797 587 1893 (onte
603 1794 794 1892 marcono)
818 1818 868 1866 ex
885 1819 990 1867 mero
1006 1794 1255 1894 dittographio
1270 1803 1395 1868 ortum
1412 1817 1499 1881 esse,

372 1916 477 1989 cuius
501 1915 622 1988 simile
655 1923 713 1988 cst
738 1915 872 1986 uitium
903 1939 979 2012 oep.
1001 1917 1060 2005 36,
1081 1917 1103 1990 5
1131 1917 1169 1989 in
1189 1915 1256 1988 hac
1275 1915 1409 1988 codicis
1433 1915 1501 1986 lec·
1593 1956 1594 1990 ι

371 2037 492 2109 tione:
518 2061 604 2109 ortes
628 2036 704 2110 sinc
729 2034 951 2134 patrimonio
977 2035 1104 2110 uiuunt
1129 2049 1161 2110 et
1186 2035 1225 2109 io
1252 2036 1345 2109 diem
1364 2060 1501 2134 pascuo

365 2169 577 2256 pascuntur,
601 2181 678 2254 quo
704 2157 743 2229 in
772 2157 856 2230 loco
872 2154 1033 2230 Vrsinus
1053 2156 1150 2232 uidit
1166 2155 1264 2230 illud
1270 2181 1413 2255 poscito
1431 2179 1499 2226 non

373 2276 636 2376 corrigendum
662 2275 728 2350 sed
754 2278 995 2351 resecandum
1019 2302 1108 2351 esse.
1136 2275 1264 2350 eodem
1289 2278 1379 2349 uitio
1402 2275 1501 2348 labo·

373 2407 518 2471 rantem
541 2396 664 2471 locum
692 2395 842 2472 Firmici
865 2395 1024 2471 Materni
1052 2397 1147 2498 (cap.
1172 2399 1232 2490 28,
1263 2402 1326 2472 lle
1349 2395 1434 2470 hinc
1454 2420 1501 2470 se·

372 2518 505 2592 ueritas
530 2541 686 2616 poenos,
727 2515 810 2592 heico
842 2517 1164 2592 animaduersionis
1195 2530 1288 2592 metu.
1322 2517 1502 2591 nwtncndo

373 2638 560 2735 sententio)
587 2639 655 2735 ipsi
683 2641 916 2712 correximus
943 2638 1100 2712 molesto
1127 2639 1193 2712 illo
1219 2651 1312 2712 metu
1344 2639 1501 2711 sublato.
1594 2627 1595 2682 ³

425 2756 658 2857 Disputatio,
681 2783 776 2856 quae
797 2785 817 2830 a
839 2757 999 2832 Minucio
1023 2785 1098 2858 cap.
1115 2761 1264 2832 21-23
1289 2759 1501 2847 instituitur,

374 2904 506 2976 magna
533 2876 673 2952 laborat
698 2878 934 2969 confusione,
962 2880 1024 2952 sed
1052 2881 1143 2952 haec
1169 2904 1241 2952 non
1269 2879 1409 2952 auctori
1437 2876 1503 2977 ipsi

373 2999 598 3101 imputanda,
627 2999 690 3074 sed
717 2998 802 3072 inde
830 3009 910 3072 orta
937 3010 1009 3091 est,
1037 2999 1136 3097 quod
1163 2997 1199 3071 in
1228 2997 1352 3072 codice
1379 2998 1502 3072 archc-

373 3131 464 3221 typo
491 3122 580 3193 duas
609 3120 758 3193 schedas
784 3120 881 3192 inter
908 3145 945 3192 se
972 3120 1211 3218 transpositas
1238 3144 1317 3192 esse
1345 3128 1502 3217 apparet.

374 3243 445 3316 hoc
472 3241 610 3340 optime
636 3239 823 3338 perspexit
851 3239 884 3313 J.
914 3237 956 3313 G.
983 3238 1233 3314 Lindnerus
1257 3238 1315 3340 (cf.
1340 3240 1420 3313 eius
1444 3265 1503 3313 ex-

374 3389 525 3437 cursum
553 3361 619 3451 ΙΙΙ,
647 3389 682 3460 p.
711 3363 784 3433 317
809 3387 862 3460 sq.
886 3361 940 3434 ed.
966 3363 1019 3460 2),
1048 3362 1109 3434 sed
1139 3387 1245 3434 nemo
1276 3385 1403 3434 sanum
1428 3358 1503 3434 eius

374 3483 550 3556 iudicium
577 3493 723 3554 secutus
750 3491 807 3554 est
834 3492 979 3580 pruetcr
1012 3481 1304 3555 Russwurmium
1331 3480 1367 3552 in
1394 3467 1503 3553 inter·

374 3602 579 3703 pretatione
602 3601 808 3699 germanica
835 3601 988 3690 Octauii,
1013 3627 1103 3700 quae
1126 3599 1327 3698 Hamburgi
1351 3626 1381 3673 a.
1408 3601 1503 3673 1824

374 3723 521 3823 prodiit.
548 3721 729 3795 Minucius
755 3720 888 3821 probat
914 3721 1005 3812 illos,
1034 3722 1096 3820 qui
1125 3722 1175 3794 dii
1202 3731 1399 3817 putentur,
1441 3721 1503 3793 ho-

374 3844 494 3918 mines
520 3842 632 3916 fuisse
661 3854 698 3915 et
736 3855 821 3942 post
849 3853 1002 3915 mortem
1031 3853 1260 3916 consecratos
1287 3867 1378 3916 esse.
1405 3840 1503 3939 che,

374 3966 496 4063 inquit
522 3966 574 4062 (p.
600 3967 659 4055 29,
689 3966 746 4062 9),
773 3961 1020 4036 historicorum
1047 3964 1181 4062 scripta
1207 3963 1264 4036 uel
1287 3962 1423 4060 scripta
1449 3987 1504 4034 so·

372 4086 566 4184 picntium:
592 4087 711 4159 eadem
739 4110 874 4157 roccum
901 4109 1135 4182 recopnosces.
1163 4085 1233 4155 iam
1260 4081 1422 4181 primum
1445 4081 1506 4153 ad-

375 4205 448 4278 fert
462 4205 767 4304 philosophorum
781 4203 989 4277 testimonia
1005 4205 1056 4302 (p.
1079 4207 1138 4296 29,
1159 4202 1335 4300 13-21)‚
1364 4201 1504 4290 deinde,

375 4336 418 4398 ut
444 4326 535 4398 ordo
563 4324 681 4398 estin
711 4325 788 4397 cod.
816 4325 994 4416 Parisino,
1023 4325 1145 4397 subito
1173 4323 1303 4396 transit
1331 4322 1376 4395 od
1404 4347 1503 4397 sacra

375 4458 414 4519 et
435 4447 610 4545 mysteria
633 4446 955 4543 (p.31,10sqq.):
980 4445 1165 4520 considera
1188 4445 1367 4542 deniqne
1386 4441 1505 4542 [quasi
