3300 5142
210 1250 257 1334 II.
275 1249 457 1354 Epistula
483 1247 521 1334 S.
548 1247 686 1334 Seueri
713 1249 763 1334 ad
790 1249 990 1334 Claudiam
1019 1272 1191 1335 sororem
1221 1251 1269 1336 de

621 1388 866 1492 uirginitate.

226 1756 378 1858 Quanam
404 1798 434 1856 in
460 1797 630 1857 caelestibus
655 1797 860 1868 beatitudiuem
875 1797 1028 1872 umginitas
1039 1800 1138 1858 sancta
1148 1797 1332 1873 possideat,l

178 1903 293 1974 praeter
303 1900 508 1974 scripturarum
519 1899 683 1959 testimonia
694 1899 829 1980 acclesiae
839 1900 925 1960 etiam
935 1899 1303 1980 cousuetudinessadocsmun

156 2021 240 2078 aqua
252 2004 388 2064 discimus
402 2004 545 2077 peculiare
559 2002 620 2061 illis
635 2001 789 2062 subsistere
803 2003 952 2076 maritum,
975 2020 1095 2078 quarum
1110 2004 1242 2078 specialis
1257 2007 1301 2064 est

177 2106 361 2166 consociatio.
384 2123 452 2166 nam
466 2122 529 2166 cum
544 2105 678 2165 uniuersa
700 2100 788 2166 turba
806 2106 980 2165 credentium
1000 2106 1081 2180 paria
1101 2106 1211 2182 gratiae
1230 2107 1304 2166 dona

177 2209 319 2283 percipiat
344 2210 373 2269 et
398 2209 488 2268 isdem
510 2225 607 2268 amnas
627 2209 865 2268 sacramentorum
880 2208 1121 2268 benedictionibus
1134 2209 1302 2283 gloriantur,

177 2314 253 2372 istas
272 2313 417 2386 proprium
437 2311 548 2386 aliquid
562 2328 629 2385 praa
644 2311 880 2384 1111111111111,
903 2328 966 2370 cum
986 2313 1020 2371 de
1035 2312 1086 2370 illo
1101 2314 1198 2370 sancto
1213 2313 1242 2372 11
1256 2312 1303 2371 in-

177 2415 321 2474 maculata
335 2414 470 2474 ecclasiae
483 2431 569 2490 grege
583 2413 666 2488 quasi
680 2413 835 2473 sanctiores
850 2415 1033 2488 purioresque
1052 2415 1162 2474 hostiae
1182 2431 1232 2488 pro
1252 2431 1303 2473 uo-

141 2527 168 2566 10
177 2517 301 2578 luntatis
316 2533 384 2577 suae
398 2518 508 2577 meritis
523 2535 541 2576 a
555 2520 652 2577 sancto
667 2517 771 2592 spiritu
786 2518 933 2592 eliguntur
947 2520 976 2577 11
991 2534 1041 2592 per
1054 2535 1195 2578 summum
1210 2533 1303 2578 sacar·

176 2623 273 2681 dotem
297 2621 350 2679 Dei
375 2620 533 2680 offeruntur
557 2622 669 2680 altario.
692 2621 780 2695 digna
793 2637 893 2680 reuera
912 2621 1031 2680 Domino
1046 2621 1141 2680 hostia
1159 2623 1219 2680 tam
1239 2637 1305 2694 pre·

175 2722 247 2783 11111
271 2723 405 2782 animalis
430 2723 551 2796 oblatio,
573 2726 604 2782 at
622 2724 704 2783 nulla
723 2723 816 2798 magis
835 2724 962 2798 siquam
977 2723 1111 2798 imaginis
1126 2740 1193 2784 suaa
1208 2724 1302 2783 hostia
1382 2719 1386 2727 “

176 2825 329 2900 placitura.
363 2827 397 2885 de
422 2825 584 2884 huiusmodi
609 2825 684 2885 enim
714 2827 883 2900 Apostolum
914 2827 1063 2900 praecipue
1093 2825 1198 2886 dixisse
1226 2843 1303 2886 reor:

177 2929 336 2988 Obsecro
358 2930 476 2988 autem
498 2945 576 3001 uos,
607 2927 758 3001 fratres,
787 2944 849 3001 pei·
871 2929 1157 2988 misericordiam
1179 2928 1241 2988 Dei
1263 2930 1304 2986 ut

142 3031 390 3091 reexhibeatis
412 3047 561 3104 corpora
582 3034 708 3092 uestra
727 3031 883 3090 hostiam
908 3033 1106 3102 uiuentem,
1131 3033 1302 3101 sanctam,

177 3135 247 3193 Deo
268 3135 482 3208 placentem.
505 3135 631 3208 possidet
656 3151 722 3208 ergo
747 3134 900 3208 uirginitas
926 3136 1044 3208 etquod
1066 3135 1117 3192 alii
1143 3134 1248 3192 habeut
1274 3136 1303 3190 et

177 3238 254 3310 quod
267 3238 319 3296 alii
333 3255 390 3296 non
404 3237 527 3311 habent,
550 3239 617 3296 dum
639 3240 668 3296 11
688 3254 863 3297 communem
884 3240 913 3297 11
927 3238 1099 3310 peculiarem
1114 3237 1222 3296 obtinet
1236 3253 1303 3310 gra-

177 3340 266 3412 tiam,
289 3342 318 3399 et
340 3340 471 3414 proprio,
495 3343 529 3400 ut
553 3340 595 3399 ita
619 3340 753 3412 dixerim,
787 3340 1007 3400 consecrationis
1021 3339 1171 3414 priuilegio
1186 3341 1300 3413 gaudet.

178 3460 246 3502 uam
271 3446 301 3503 et
326 3443 432 3503 Christi
453 3461 571 3518 sponsas
597 3443 724 3518 uirgines
744 3444 836 3504 dicare
856 3443 1047 3504 ecclesiastica
1066 3443 1147 3502 nobis
1162 3443 1304 3516 permittit

284 3626 321 3682 13
339 3626 414 3680 Rom.
435 3627 481 3690 12,
501 3627 526 3682 1.

231 3796 250 3852 3
268 3796 404 3864 Quantum
415 3798 444 3853 R
493 3797 515 3852 4
531 3797 657 3852 ecclesiae
669 3798 723 3851 iam
739 3798 765 3852 V
821 3797 841 3856 5
859 3813 912 3866 qua
924 3797 992 3850 AV:
1012 3796 1075 3865 quia
1091 3795 1161 3858 GH,'
1173 3793 1260 3862 qui'R
1279 3795 1291 3858 11

178 3881 306 3936 discimus
323 3883 377 3938 011
379 3903 388 3936 .·
406 3881 568 3937 addiscimus
579 3883 668 3947 AVa,
680 3882 841 3937 addiscimur
853 3883 881 3938 11
898 3885 910 3950 ΙΙ
926 3883 983 3937 illis
992 3913 1025 3921 -
1035 3897 1147 3950 quarum
1160 3879 1197 3932 V:
1215 3878 1259 3931 illi
1270 3908 1301 3916 -

179 3968 255 4022 cuius
274 3969 387 4024 AOHR
409 3970 422 4036 11
444 3971 487 4022 111
505 3969 631 4037 specialis
657 3969 680 4024 0
728 3969 747 4025 6
763 3967 833 4023 dona
853 3967 958 4038 gratiae
983 3969 1006 4022 0
1067 3966 1084 4021 7
1103 3964 1252 4034 percipiant
1278 3964 1305 4016 V

189 4056 202 4122 ΙΙ
217 4055 322 4110 hisdem
331 4055 422 4123 GRV,
440 4053 540 4108 eisdem
551 4055 586 4108 H
597 4056 610 4122 ΙΙ
625 4054 743 4108 omnium
756 4055 783 4108 V
831 4054 850 4110 8
862 4054 917 4108 ista
928 4052 961 4107 ad
973 4053 1001 4106 A
1017 4055 1028 4121 11
1039 4051 1194 4109 'habendum
1206 4048 1300 4104 uena

189 4142 202 4208 ΙΙ
224 4156 284 4195 cuin
304 4142 347 4197 R.-
365 4141 429 4196 dum
445 4141 497 4196 GV
572 4140 607 4197 11
627 4139 908 4210 digua-placentam
929 4139 1018 4194 osn.A
1041 4141 1053 4206 ΙΙ
1076 4137 1164 4190 hostia
1184 4151 1233 4190 oin.
1248 4135 1306 4190 RV

232 4228 269 4284 12
286 4227 362 4282 nulla
373 4227 462 4296 magis
473 4226 499 4280 11
511 4225 577 4283 RV:
595 4226 696 4280 nullius
707 4226 795 4294 magis
812 4227 835 4280 0
848 4227 860 4294 ΙΙ
877 4241 957 4294 quam
969 4225 996 4280 R
1007 4239 1076 4278 corr.
1090 4239 1124 4277 ec
1136 4221 1207 4292 quia,
1221 4237 1301 4289 quum

183 4312 209 4366 V
227 4314 241 4381 11
262 4327 325 4367 snae
342 4312 469 4382 imaginis
495 4313 519 4368 0
585 4311 623 4368 13
641 4311 769 4365 eiusmodi
785 4311 814 4366 R
884 4311 921 4367 14
938 4327 985 4379 par
996 4309 1109 4363 miseric.
1122 4307 1173 4362 Dei
1185 4324 1233 4361 111.
1248 4307 1305 4362 RV

231 4399 269 4458 15
286 4399 423 4454 uiuentem
434 4399 502 4455 RV:
520 4399 612 4452 uiuam
628 4399 652 4453 0
701 4397 738 4454 17
756 4397 820 4451 dum
832 4413 995 4452 communem
1006 4398 1034 4450 A
1049 4397 1062 4462 11
1078 4411 1133 4464 111.
1146 4393 1228 4448 habet
1241 4409 1302 4460 gra-

178 4483 245 4540 tiam
260 4485 288 4540 V

1058 4569 1097 4633 15
