3300 5142
349 539 413 604 204
770 534 917 603 Sulpicii
935 533 1051 588 Seueri

348 689 481 756 insanio:
504 707 564 756 non
577 688 706 755 credunt
719 688 847 754 Martini
862 689 1033 754 uirtutibus
1054 685 1235 764 Christiani,
1257 701 1333 766 quas
1348 681 1469 746 daemo-

348 811 403 858 nes
416 792 612 858 fatebantur?

320 914 338 969 2
389 888 612 960 Monasterium
626 893 709 960 beati
722 893 784 958 uiri
798 895 917 960 dnobus
932 913 950 960 a
971 893 1099 960 sinuata
1113 893 1180 958 erat
1193 889 1320 956 milibus
1334 889 1469 970 dispara-

347 998 431 1063 tum:
454 997 508 1062 sed
522 997 551 1062 si
565 997 706 1078 quotiens
719 998 868 1062 uenturus
883 997 922 1064 ad
942 996 1103 1062 ecclesiam
1117 994 1225 1078 pedem
1239 993 1324 1058 extre
1344 989 1470 1058 cellulae

347 1117 420 1164 suae
443 1100 539 1164 limen
564 1099 729 1176 extulerat,
751 1099 870 1166 uideres
890 1119 943 1182 per
965 1100 1065 1166 totam
1079 1096 1239 1164 malcaim
1253 1109 1503 1179 energumenoss

347 1203 518 1288 rugientes,
533 1203 565 1267 et
579 1202 666 1285 quasi
682 1202 861 1268 adueniente
876 1203 977 1269 iudice
991 1202 1115 1287 agmina
1129 1198 1300 1266 damnanda
1308 1196 1469 1280 trepidare,

347 1307 384 1370 ut
397 1305 566 1370 aduentum
580 1304 713 1387 episcopi
728 1304 861 1384 clericis,
887 1306 940 1388 qui
952 1306 1119 1371 uenturum
1133 1320 1198 1394 csse
1211 1301 1376 1378 nescirent,
1398 1299 1470 1366 dae·

348 1407 520 1472 moniorum
534 1407 670 1492 gemitus
684 1407 843 1474 indicaret.
866 1409 934 1473 uidi
950 1407 1102 1490 quendam
1122 1404 1319 1488 adpropiante
1338 1402 1470 1469 Martius

348 1511 381 1575 in
405 1514 477 1574 aera
495 1512 619 1592 raptum
633 1511 776 1576 manibus
790 1511 923 1578 extensis
938 1511 971 1576 in
993 1510 1125 1576 sublime
1140 1507 1292 1593 suspendi,
1308 1506 1344 1572 ut
1357 1523 1470 1588 nequa·

319 1629 442 1695 equam
456 1613 556 1679 solem
571 1612 700 1695 pedibus
714 1613 895 1698 adtingeret.
913 1614 940 1680 si
956 1613 1075 1696 quando
1089 1612 1193 1678 subm
1207 1607 1470 1676 exorcizandorum
1479 1625 1503 1664 u

347 1716 531 1782 daemonum
544 1701 698 1782 Martinus
712 1733 836 1799 operam
850 1716 1029 1799 recepisset,
1044 1715 1198 1782 neminem
1212 1711 1354 1778 menibus
1368 1711 1470 1778 adtre-

347 1818 466 1897 stabat,
489 1818 644 1885 neminem
668 1820 859 1885 sermonibus
884 1819 1076 1902 increpabat,
1110 1819 1190 1883 sicut
1214 1815 1392 1901 plerumque
1416 1833 1472 1899 per

347 1921 472 1988 clericos
497 1922 618 1987 rotatur
641 1922 733 1987 turba
746 1923 925 2000 uerbomm,
948 1923 1001 1988 sed
1027 1921 1159 1988 admotis
1185 1919 1396 2004 energumenis
1421 1937 1469 1984 co-

234 2097 238 2103 ,
347 2025 429 2088 teros
454 2023 580 2088 iubebat
604 2023 779 2103 abscedere,
801 2043 838 2092 ao
858 2024 974 2092 foribus
994 2024 1140 2090 obseratis
1166 2024 1199 2089 in
1213 2022 1313 2088 medio
1328 2021 1470 2088 melesius

319 2125 448 2193 acilicio
473 2126 705 2206 circumtectus,
725 2127 824 2192 cinere
839 2145 1008 2210 respersus,
1033 2127 1097 2194 solo
1122 2127 1238 2192 stratus
1263 2125 1378 2190 orabat.
1400 2125 1504 2190 tuma

348 2247 420 2294 uero
445 2246 580 2295 cerneres
604 2229 734 2296 miseros
759 2230 882 2296 diuerso
907 2231 992 2298 exitu
1007 2229 1201 2314 perurgueri:
1223 2229 1279 2294 hoe
1293 2227 1424 2293 sublatis
1437 2225 1471 2292 in

348 2331 480 2396 sublime
494 2332 623 2414 pedibus
637 2333 725 2414 quasi
739 2334 777 2398 de
790 2334 871 2400 nube
886 2333 1030 2415 pendere,
1044 2351 1100 2398 nec
1114 2333 1218 2398 tamen
1229 2329 1472 2396 ramesmere

348 2435 381 2499 in
407 2434 532 2511 faciem,
555 2453 595 2500 ne
608 2433 721 2499 faceret
735 2436 950 2501 uerecundiam
964 2437 1079 2502 nudata
1093 2454 1162 2518 pars
1182 2451 1356 2516 corporum:
1379 2435 1413 2498 at
1438 2432 1472 2496 in

347 2537 435 2618 parte
449 2536 511 2601 alia
525 2535 645 2602 uideres
659 2537 724 2601 sine
737 2537 974 2622 interrogatione
993 2539 1116 2604 uexetm
1137 2539 1168 2602 et
1187 2555 1243 2602 sua
1257 2537 1386 2602 cumina
1399 2553 1471 2600 eon·

348 2637 478 2703 fitentes.
494 2638 617 2704 nomina
627 2640 721 2704 etiam
731 2640 816 2704 nullo
828 2640 1033 2726 interrogante
1043 2640 1225 2723 prodebant:
1240 2639 1294 2704 ille
1309 2657 1341 2704 se
1353 2639 1471 2714 Ionem,
1480 2661 1507 2702 a

321 2740 409 2810 siste
423 2740 610 2806 Mercurium
634 2741 818 2808 fatebantur.
842 2743 996 2826 postremo
1026 2745 1148 2808 cunctos
1175 2742 1289 2808 diaboli
1314 2741 1472 2807 ministros

350 2843 502 2925 cumipse
517 2861 652 2910 cerneres
667 2846 789 2910 anctore
803 2845 950 2924 eruciari,
966 2847 1079 2912 utiam
1094 2847 1127 2910 in
1138 2845 1271 2911 Martino
1281 2845 1361 2910 illud
1376 2844 1473 2910 fatae·

349 2964 420 3010 mur
434 2946 586 3027 inpletum
601 2947 681 3029 qued
695 2947 844 3030 scriptum
860 2950 922 3014 est:
951 2950 1127 3032 quoniam
1150 2948 1275 3014 sancti
1297 2949 1340 3012 de
1362 2966 1473 3033 ange·

349 3048 402 3112 lis
421 3048 661 3115 indicabunt.

321 3151 340 3216 7
392 3151 514 3235 Pagum
539 3153 691 3234 quendam
716 3153 750 3218 iu
774 3152 920 3220 Senonico
942 3154 1030 3220 annis
1050 3154 1184 3238 singulis
1202 3155 1316 3239 grando
1332 3155 1506 3220 sarabate

350 3253 486 3334 conpulsi
501 3255 646 3318 extremis
660 3256 751 3320 malis
765 3256 882 3322 incolae
902 3275 920 3322 a
940 3257 1073 3322 Martino
1089 3257 1241 3322 auxilium
1256 3257 1468 3340 poposeemnt:

452 3405 799 3473 assuesceres.

403 3545 418 3600 1
438 3543 548 3598 crodunt
560 3544 623 3599 ΒΜ
627 3545 659 3599 V:
678 3545 785 3601 credent
796 3547 868 3602 Ana
931 3547 949 3604 3
967 3547 1163 3616 disseparatum
1179 3547 1214 3612 V,
1233 3547 1297 3613 fort.
1311 3549 1469 3617 separatum,

350 3635 382 3683 at
398 3629 511 3684 Vbcbet
523 3631 597 3684 aas.
612 3632 704 3698 1,s‚1
755 3632 820 3688 aad
833 3633 969 3687 Fiaraa
1023 3633 1153 3691 5uideris
1170 3633 1196 3688 V
1211 3634 1223 3699 ΙΙ
1239 3632 1474 3703 inaergumiuoeV

403 3714 421 3772 6
439 3714 697 3781 commanem,
715 3717 1019 3773 damnanda-clericis
1040 3734 1089 3772 ora.
1115 3719 1141 3773 V
1203 3719 1369 3775 iclerioiA
1391 3719 1403 3784 tt
1425 3717 1470 3786 qni

350 3800 382 3856 F
390 3817 458 3856 corr.
472 3805 549 3869 eque
560 3808 592 3855 ac
603 3803 717 3857 affletur
767 3803 786 3861 8
804 3803 954 3858 indicerent
965 3804 995 3858 F
1009 3819 1077 3868 corr.
1091 3810 1117 3858 et
1129 3804 1156 3858 B
1171 3805 1184 3872 ΙΙ
1201 3805 1427 3874 appropinquante
1439 3802 1476 3857 M
1484 3800 1488 3807 “

402 3886 421 3945 9
439 3903 501 3941 aera
520 3887 641 3956 AFQV:
660 3905 720 3942 aere
741 3905 757 3943 c
827 3889 864 3946 10
881 3889 1124 3944 exorcidiandorum
1146 3890 1173 3944 V
1241 3891 1276 3947 11
1295 3888 1474 3959 recipissetV

362 3975 374 4038 ΙΙ
394 3973 563 4027 adtractabat
574 3975 613 4038 F,
632 3991 680 4028 om.
699 3974 724 4028 V
774 3975 811 4032 13
829 3975 909 4030 turba
926 3977 961 4029 V:
979 3976 1059 4030 turbo
1071 3975 1155 4040 Ana
1173 3975 1254 4029 turba
1265 3975 1405 4029 uerborum
1417 3976 1472 4028 iam

353 4058 454 4127 legitur
477 4059 554 4127 opaci
578 4061 630 4114 Cic.
655 4060 689 4116 de
712 4067 780 4114 orat.
803 4061 862 4128 ΙΙΙ,
884 4063 954 4130 §50
974 4067 1000 4116 ct
1024 4061 1314 4130 (intaminatam.
1337 4065 1365 4129 8,
1390 4063 1418 4129 2,
1439 4063 1472 4114 17

405 4143 442 4199 16
460 4144 580 4198 sublatas
592 4146 622 4198 F
627 4161 671 4214 pr.
684 4162 718 4198 m.
791 4145 828 4201 17
847 4147 931 4200 uestis
951 4147 1119 4200 deflueretF
1185 4145 1384 4203 laturarium
1407 4145 1471 4200 BV:

353 4243 432 4296 super
443 4227 538 4282 faeiem
551 4230 636 4298 aaa
654 4237 789 4298 receptam
805 4229 945 4286 lectionem
956 4233 1079 4299 firmauit
1091 4231 1125 4285 de
1136 4231 1226 4285 Prata
1237 4231 1295 4285 coil.
1309 4231 1417 4286 Haurit
1427 4231 1471 4286 leb.

353 4329 374 4368 c.
391 4314 942 4384 Oomcatiamsetliicroa.ep.108,13
996 4316 1032 4374 18
1046 4316 1120 4370 adin
1133 4316 1162 4380 V,
1176 4317 1333 4385 atqueinF
1383 4315 1419 4374 19
1433 4316 1473 4370 ui-

351 4399 424 4453 deris
441 4399 466 4450 V
487 4401 499 4465 Ιι
521 4400 680 4455 confidentes
696 4401 722 4455 V
787 4402 823 4458 21
844 4401 997 4456 fatebantur
1010 4403 1086 4471 apr.
1096 4419 1129 4456 m.
1140 4408 1167 4456 et
1183 4401 1219 4456 V:
1238 4401 1375 4456 fatebatur
1387 4401 1470 4457 ΔΓΜ

363 4487 376 4552 il
398 4483 501 4538 diabnli
517 4485 543 4539 V
591 4487 629 4544 25
648 4486 762 4541 uerebat
773 4487 840 4540 BV:
859 4487 985 4542 uastabat
997 4489 1068 4542 AFo
