3300 5142
643 511 748 581 Epist
768 509 866 564 lIIIet
877 509 908 566 V.
1257 513 1325 580 253

195 670 297 744 longao
308 669 431 743 potionis
442 669 608 729 iuuertorat.
622 672 691 728 tunc
701 670 829 744 grauiter
840 669 1113 728 immurmurantibus
1124 669 1234 740 notens,
1247 670 1322 744 quod

195 772 226 832 in
255 772 468 832 multitudinem
500 773 692 832 litteratorum
716 770 936 845 intempestiuus
956 771 1069 831 auditor
1089 772 1263 846 inrepserat,
1286 790 1322 832 no

195 873 343 934 minimum
358 875 472 950 quidem
487 875 625 950 magister
639 875 689 934 ille
704 877 860 934 commotus
875 875 932 947 est,
949 875 998 932 sed
1013 873 1109 948 potius
1123 875 1158 934 de
1169 875 1322 948 disciplina

195 994 304 1037 morum
329 977 496 1052 legibusque
522 978 677 1037 modestiae
702 977 830 1036 instituit
855 977 1018 1050 disputare:
1041 979 1210 1052 tantumque
1225 977 1320 1038 ualuit

160 1102 173 1139 s
195 1078 321 1139 docentis
346 1080 518 1152 auctoritas,
541 1083 574 1139 ut
594 1080 751 1155 petulantis
772 1080 853 1139 illius
875 1080 988 1139 animus
1011 1080 1047 1138 ad
1067 1097 1189 1139 amorem
1204 1080 1321 1154 pudoris

195 1182 389 1256 impelleretur.
410 1185 440 1242 ot
454 1183 545 1256 primo
559 1183 674 1258 quidem
687 1183 802 1243 Polemo
816 1200 947 1242 coronam
962 1183 1055 1258 capite
1070 1183 1255 1242 conturbatus
1270 1183 1323 1242 de·

194 1286 290 1359 posuit
304 1285 532 1360 discipulumque
547 1285 692 1359 professus
711 1287 769 1346 est:
792 1287 830 1344 ad
844 1288 1000 1346 extremm
1021 1286 1064 1344 ita
1085 1301 1114 1345 so
1134 1286 1170 1344 ad
1192 1284 1318 1344 officium

194 1387 347 1462 grauitatis
361 1388 471 1447 inflexit
492 1405 578 1463 seque
599 1392 691 1448 totum
712 1388 847 1448 formauit
868 1390 903 1448 ad
924 1388 1137 1460 uerecundiam,
1161 1389 1194 1446 ut
1218 1387 1321 1461 prioris

194 1491 272 1549 uitae
286 1492 519 1564 consuetudinem
532 1492 690 1551 emendatio
704 1492 829 1566 gloriosa
843 1492 969 1551 texisset.
987 1491 1039 1550 hoc
1049 1492 1134 1564 ipsud
1148 1507 1200 1550 nos
1215 1490 1246 1548 in
1260 1490 1322 1549 tuis

159 1617 186 1657 ro
194 1594 439 1668 praeceptionibus
453 1594 640 1667 admiramur,
663 1595 738 1668 quod
757 1595 848 1653 nullis
863 1595 963 1666 minis,
995 1593 1085 1653 nullis
1100 1593 1213 1653 omnino
1229 1595 1322 1652 torro·

193 1697 274 1754 ribus
294 1697 330 1754 ad
349 1698 458 1756 cultum
479 1697 531 1756 Dei
549 1714 686 1756 uaesanos
709 1697 817 1757 animos
833 1697 1016 1769 conuertisti,
1040 1699 1073 1755 ut
1090 1695 1215 1756 'confirsa
1241 1713 1321 1755 mens

194 1798 268 1857 illud
287 1799 412 1858 crederet
434 1816 494 1859 osse
517 1799 722 1872 rectissimum,
745 1818 809 1858 cnm
830 1800 960 1859 omnibus
974 1801 1045 1860 bene
1059 1800 1196 1874 beatoque
1211 1800 1321 1872 uiuere,

194 1919 279 1974 quam
294 1918 358 1959 cum
373 1901 472 1974 paucis
488 1902 596 1961 iniusta
610 1902 725 1961 sentire.

567 2516 610 2599 V.
636 2515 727 2599 Alia
752 2517 934 2621 epistula

156 2953 181 2992 1⁵
234 2883 324 2982 Licet
345 2925 464 2984 domnus
484 2927 512 2984 et
532 2942 683 2999 germanus
704 2942 783 2984 mens
805 2926 839 2984 do
859 2927 955 2984 uestra
979 2925 1094 2999 petierit
1113 2928 1261 2987 honestate
1282 2932 1315 2987 ut

192 3025 297 3086 Tutum
318 3028 417 3086 uelitis
437 3045 497 3087 osso
519 3029 709 3100 tutissimum,
733 3030 829 3086 tamen
850 3028 920 3086 milri
935 3027 980 3086 fas
1000 3027 1057 3087 tuit
1071 3030 1190 3089 cundem
1206 3031 1315 3090 litteris

191 3131 398 3202 commendare,
420 3133 454 3188 ut
473 3131 671 3204 conduplicata
690 3130 828 3203 petitione
855 3130 944 3189 tutior
965 3131 1118 3190 habeatur:
1141 3133 1208 3191 huic
1233 3135 1311 3192 enim

190 3232 318 3290 nocuerit
338 3233 456 3305 puerilis
478 3233 562 3305 culpa
582 3235 610 3291 et
626 3250 702 3291 error
717 3233 821 3291 aetatis
836 3233 974 3304 incertae,
998 3237 1031 3290 ut
1046 3251 1182 3294 annorum
1199 3254 1313 3296 suorum

190 3334 275 3393 initia
289 3335 460 3394 macularet:
477 3337 525 3394 sod
540 3335 590 3409 qui
605 3336 724 3394 nocdum
740 3335 825 3393 sciret
840 3335 908 3408 quid
923 3335 1005 3394 bonis
1014 3336 1140 3396 moribus
1155 3338 1314 3412 deberetur,

155 3465 182 3505 20
191 3453 277 3510 propo
299 3437 359 3496 sinc
379 3439 464 3512 culpa
483 3437 619 3511 peccauit.
643 3455 709 3496 nam
730 3454 759 3496 so
780 3437 830 3495 nbi
850 3438 886 3495 ad
900 3437 1002 3496 bonam
1018 3440 1140 3498 montem
1155 3442 1316 3501 considera·

190 3539 351 3614 tionemque
366 3540 520 3613 conuertit,
542 3541 685 3599 intellexit
700 3540 791 3598 uitam
805 3539 944 3598 scenicam
959 3541 1076 3600 consilio
1097 3543 1211 3602 meliore
1233 3546 1315 3604 dam-

190 3644 327 3701 nandam:
350 3644 417 3703 huic
431 3645 527 3702 antem
542 3644 626 3716 plena
640 3661 696 3702 non
711 3646 807 3716 posset
827 3642 939 3700 euenire
959 3643 1107 3718 purgatio,
1129 3646 1187 3705 nisi
1206 3648 1315 3707 diuini·

190 3746 261 3804 tatis
282 3763 397 3805 accessu
412 3746 516 3805 delicta
530 3746 666 3817 dilueret,
689 3745 715 3804 si
729 3745 844 3819 quidam
858 3745 1013 3804 catholicae
1029 3747 1176 3820 religionis
1191 3751 1314 3810 remedio

190 3851 371 3907 commutatus
384 3866 468 3906 usum
484 3847 539 3906 sibi
554 3849 609 3907 loci
623 3847 759 3921 turpioris
773 3848 890 3921 negauit
911 3864 995 3922 seque
1011 3849 1047 3907 ab
1062 3851 1152 3910 oculis
1167 3854 1314 3925 populari·

156 3952 244 4010 rsbns
258 3950 424 4010 uindicauit.

242 4134 261 4189 2
278 4134 433 4187 litterarum
445 4134 621 4204 tempestiuus
634 4135 661 4188 P
683 4136 695 4201 ΙΙ
717 4133 864 4188 nominium
877 4135 905 4188 P
977 4135 995 4193 5
1014 4135 1160 4189 animus-
1171 4138 1313 4208 inpelleret

192 4221 232 4288 P,
251 4219 572 4289 animum—impelleret
583 4219 644 4274 cdd.
707 4219 725 4276 6
743 4220 865 4289 exposuit
877 4221 916 4284 P,
935 4235 982 4274 em.
996 4221 1134 4291 d'Acloerp
1194 4225 1212 4281 9
1231 4228 1315 4282 texis·

192 4308 233 4359 set
245 4306 285 4358 P:
304 4305 459 4358 correxisset
471 4305 531 4359 edd.
570 4306 606 4362 12
624 4305 723 4359 rectius
734 4305 850 4360 molebat
862 4305 999 4377 d'Aclrcry

245 4391 282 4447 14
293 4390 392 4459 Incipit
404 4390 496 4444 oliaP
548 4391 584 4450 15
602 4390 712 4445 domnus
725 4391 897 4446 Prdominus
910 4391 969 4445 edd.
1026 4390 1061 4448 16
1073 4394 1163 4446 tutum
1176 4391 1313 4446 Peraea.

203 4479 222 4560 ΙΙ.
237 4475 342 4529 mollitis
355 4477 382 4530 P
433 4476 471 4532 22
490 4475 634 4530 dinitnatis
647 4478 674 4530 P
685 4493 753 4531 corr.
767 4494 799 4531 m.
814 4483 830 4530 1
842 4478 873 4530 iu
885 4475 1016 4530 diuinatio
