3300 5142
324 548 386 611 126
735 539 879 595 Firmici
895 540 1043 595 Materni

322 701 401 766 sessa
414 700 587 765 renent:
609 698 643 763 sn
657 697 763 763 uxore
777 697 860 763 emm
882 697 927 761 sse
950 696 1125 761 irrueremus
1142 713 1207 761 esse
1228 696 1452 780 necepsus:

319 797 408 869 ‘non
443 802 614 868 facietis
650 800 766 867 uobis
807 800 899 867 deos
941 800 1155 884 argenteos
1199 818 1326 883 nsque
1363 800 1454 866 deos
1616 804 1617 809 ’

322 894 488 973 aureos':
522 907 555 972 et
568 923 675 971 rursus
696 905 730 970 in
750 904 858 969 eodem
873 903 953 969 libro
967 921 1076 968 uocem
1090 903 1149 968 Dei
1164 902 1300 969 iubentis
1315 904 1454 969 inuenio:

320 1002 403 1075 ‘non
423 1010 550 1076 iacies
572 1008 653 1074 tibi
674 1007 828 1073 idolum
857 1026 922 1073 nec
952 1006 1185 1088 cuiusquam
1212 1006 1454 1073 similitudi-

320 1101 424 1178 nem'
446 1112 595 1195 pudorem
607 1110 730 1177 miseris
740 1110 851 1176 indicit
866 1108 994 1193 spiritus
1010 1110 1145 1189 sanctus,
1160 1110 1235 1193 quia
1249 1112 1336 1193 cupit
1350 1130 1454 1177 errau-
1476 1134 1488 1174 s

320 1219 369 1282 tas
383 1234 542 1294 reuocare,
565 1213 781 1299 neuportum,
803 1214 836 1279 et
851 1212 898 1279 ait
911 1231 966 1295 per
979 1213 1121 1278 Esaiam:
1141 1205 1455 1280 ‘confundemini

322 1320 590 1386 confusionem
605 1318 669 1400 qui
684 1317 822 1383 fiditis
844 1334 961 1399 super
982 1316 1203 1398 scalptilia,
1227 1317 1291 1399 qui
1314 1318 1455 1387 dicitis

321 1423 531 1488 fusilibus:
563 1439 631 1486 uos
653 1422 750 1487 estis
772 1421 830 1486 dii
852 1407 998 1487 uostri'
1032 1419 1087 1484 dat
1113 1419 1209 1485 etism
1235 1421 1337 1505 legem
1359 1442 1456 1505 qnam

320 1527 514 1593 consecratus
528 1525 659 1609 populus
673 1524 786 1590 deuota
800 1524 1008 1607 perpetuitate
1024 1522 1177 1587 custodiat
1197 1523 1229 1587 et
1247 1523 1294 1589 itu
1307 1525 1455 1591 mundat:

319 1622 528 1696 ‘dominnm
549 1630 667 1695 Deum
688 1628 797 1692 tuum
818 1625 1000 1692 adorabis
1023 1626 1060 1690 st
1082 1624 1158 1708 ipsi
1181 1625 1257 1691 soli
1279 1618 1489 1695 seruies'mo

320 1734 353 1799 et
378 1733 411 1797 in
432 1730 671 1798 Deuteronomio
695 1731 815 1795 similia
837 1730 895 1794 Dei
921 1729 1067 1796 msndsta
1085 1728 1268 1810 noscuntur,
1291 1730 1338 1798 ait
1353 1734 1455 1799 enim:

323 1829 407 1901 ‘non
428 1838 543 1901 erunt
563 1834 640 1900 tibi
662 1834 718 1899 dii
739 1834 812 1898 alii
835 1833 977 1917 absque
998 1824 1080 1901 me':
1103 1834 1192 1901 addit
1206 1835 1317 1914 etiam,
1334 1838 1371 1901 ut
1385 1838 1456 1903 ani·

320 1942 382 2005 mis
407 1956 513 2003 eorum
537 1938 710 2003 maiestatis
735 1956 809 2003 suae
829 1938 948 2019 pondus
963 1938 1117 2003 insinuet:
1139 1930 1297 2017 ‘uidete
1321 1939 1456 2007 uidete

320 2044 414 2127 quia
436 2059 505 2127 ego
528 2060 610 2106 sum
631 2044 669 2106 et
689 2058 761 2106 non
783 2042 843 2106 est
865 2040 958 2106 deus
980 2043 1135 2123 praeter
1156 2060 1227 2107 me:
1250 2043 1457 2126 egointer-

321 2148 436 2212 imam
459 2148 499 2211 ct
532 2144 666 2211 uiuere
699 2144 862 2223 faciam,
895 2144 1111 2226 percutiam
1144 2144 1181 2209 et
1212 2160 1279 2229 ego
1311 2152 1488 2213 sanaboc

290 2252 357 2317 set
378 2269 450 2315 non
472 2249 618 2333 estqui
640 2248 796 2330 eripiat
818 2248 863 2313 de
884 2247 1061 2313 manibus
1077 2237 1196 2313 meis'
1219 2247 1456 2336 indpocalypsi

318 2354 415 2421 etiarn
428 2353 486 2419 hoc
500 2354 584 2419 idem
607 2353 714 2418 sancta
738 2350 927 2417 reuelstione
948 2352 1157 2430 monstratum
1179 2352 1226 2417 ita
1246 2352 1329 2418 enirn
1351 2355 1455 2439 scrip-

318 2460 387 2521 tum
413 2458 477 2522 est:
510 2447 560 2521 ‘st
592 2455 675 2520 uidi
708 2456 832 2520 aliurn
872 2454 1053 2539 angelum
1090 2456 1291 2522 uolantem
1324 2460 1460 2525 medio

319 2559 442 2636 caelo,
475 2558 679 2625 habentem
709 2557 965 2644 euangelium
996 2557 1210 2637 aeternum,
1244 2562 1286 2625 ut
1308 2561 1455 2628 adnun-

319 2662 573 2746 tiaretsuper
594 2665 737 2728 terram
758 2682 825 2746 per
846 2680 976 2729 omnes
997 2662 1177 2729 nationes
1199 2663 1236 2728 st
1258 2665 1391 2731 tribus
1418 2668 1489 2733 etro

319 2765 482 2848 linguas
504 2765 542 2828 et
562 2764 742 2847 populos,
765 2766 956 2831 dicentem
979 2783 1071 2833 uoce
1092 2785 1248 2851 magna:
1283 2770 1456 2835 metuite

319 2867 451 2951 potius
480 2868 682 2936 dominum
710 2871 749 2935 et
770 2870 862 2937 date
890 2870 960 2935 illi
991 2870 1235 2951 claritatem,
1269 2873 1456 2954 quonism

320 2973 429 3038 uenit
452 2972 543 3041 hora
570 2974 715 3040 iudicii
745 2975 844 3055 eius,
881 2975 918 3041 et
952 2975 1113 3042 adorate
1146 2994 1230 3041 eum
1258 2976 1321 3059 qui
1352 2973 1456 3045 fecit

320 3078 469 3142 caelum
484 3079 695 3158 etterram‚
717 3099 820 3146 mare
835 3082 872 3146 et
887 3079 1017 3145 omnia
1040 3097 1135 3162 quae
1156 3079 1196 3144 in
1218 3078 1275 3145 eis
1297 3070 1437 3162 suntsi

319 3180 472 3246 Dominus
487 3199 607 3264 quoque
619 3182 722 3247 noster
738 3182 824 3249 lesus
840 3182 982 3248 Christus
996 3184 1125 3264 paterna
1139 3181 1218 3267 legis
1233 3182 1380 3249 instituta
1397 3200 1487 3248 cu-ss

320 3282 456 3349 stodiens
470 3283 529 3348 hoc
542 3284 626 3350 idem
639 3286 814 3351 ueneranda
829 3285 1049 3352 constitutione
1063 3286 1259 3371 promulgat,
1283 3286 1329 3351 ait
1351 3286 1454 3352 enirn:

318 3379 421 3451 ‘audi
443 3387 583 3453 Israel:
617 3388 799 3454 dominus
832 3390 925 3455 deus
952 3391 1045 3454 tuus
1067 3390 1160 3455 deus
1183 3409 1278 3456 unus
1302 3391 1373 3468 est,
1412 3394 1455 3457 et

319 3490 468 3575 diliges
484 3491 801 3558 dominumdeum
816 3493 928 3558 tuum
949 3492 995 3557 de
1016 3492 1100 3557 toto
1122 3494 1238 3558 corde
1259 3496 1325 3558 tuo
1348 3494 1384 3559 et
1409 3493 1455 3559 de

320 3595 405 3661 tota
426 3596 552 3661 anime
574 3597 642 3661 tua
664 3597 701 3662 et
724 3596 875 3663 dstote
897 3597 1049 3663 uirtute
1072 3598 1152 3663 tua:
1186 3597 1254 3661 hoc
1283 3596 1455 3678 primum

320 3701 392 3777 est,
417 3702 943 3768 etsecundumsimilehuie:
966 3702 1112 3786 diliges
1134 3702 1351 3785 proximum
1373 3700 1487 3771 tibi„

422 3907 626 3978 sartura.
679 3906 753 3963 4ib.
766 3906 813 3972 20,
826 3907 854 3963 4.
908 3906 1059 3971 osenla,
1073 3908 1115 3964 17.
1165 3908 1201 3963 10
1217 3905 1357 3970 mercna,
1372 3906 1454 3962 10et

318 3994 383 4048 Luc.
394 3994 423 4057 4,
435 3993 463 4051 8.
540 3994 577 4051 12
594 3994 674 4049 Dent
687 3995 714 4058 5,
728 3993 754 4050 7.
839 3994 875 4051 13
893 3993 930 4047 ib.
948 3994 993 4059 32,
1007 3993 1053 4052 39.
1137 3993 1172 4051 18
1189 3992 1269 4063 apoc.
1284 3992 1416 4062 14‚6sq.

318 4080 357 4137 27
375 4080 457 4135 Marc.
469 4082 515 4146 12,
527 4081 647 4140 29-31.
666 4081 766 4137 Matth.
779 4081 827 4147 22,
840 4080 960 4139 37--40,

372 4272 387 4328 1
407 4270 477 4325 scita
489 4270 530 4325 P:
549 4272 650 4340 scripta
661 4289 681 4326 a
732 4271 750 4329 6
768 4270 961 4327 confundimini
974 4273 1044 4328 coci.
1057 4272 1141 4326 Bure,
1155 4286 1190 4325 ea
1201 4270 1291 4325 LXX
1351 4270 1369 4325 7
1388 4286 1453 4325 oon-

317 4355 452 4411 fusiones
470 4358 484 4425 ΙΙ
503 4357 640 4426 scalptilia
660 4358 788 4413 Bursian
807 4360 853 4427 (in
864 4358 987 4426 adeum:
1012 4357 1140 4428 capitalia
1153 4358 1207 4427 Pa,
1227 4356 1365 4426 sculptilis
1383 4356 1452 4411 We·

317 4458 407 4496 werce
459 4442 499 4499 10
514 4444 592 4497 tuum
603 4461 636 4512 a,
654 4446 719 4500 dem
732 4444 768 4512 P,
781 4444 873 4498 sedin
884 4446 933 4500 too
944 4460 1002 4501 ooo.
1017 4460 1125 4499 mosum
1137 4450 1191 4514 eet,
1209 4460 1258 4499 orn.
1272 4443 1312 4498 ed.
1326 4444 1411 4499 Burs.

318 4527 357 4584 27
376 4528 440 4583 deus
452 4529 530 4597 (unte
541 4532 621 4600 nnus)
633 4530 661 4585 P
670 4546 691 4585 s.
706 4531 723 4585 t.
736 4530 785 4586 sed
796 4535 813 4585 1
823 4548 857 4585 m.
912 4530 951 4587 30
968 4530 1063 4601 diligis
1076 4532 1104 4585 P
