3300 5142
332 493 392 558 124
746 492 893 563 Sulpicii
910 493 1026 548 Seueri

300 649 439 732 ungento
454 649 545 712 uento
559 646 753 712 flammarum
767 649 853 733 globi
868 648 1049 714 ferebantur.
1065 649 1145 731 quod
1160 649 1214 714 ubi
1228 647 1381 714 Martinus
1395 646 1451 712 ad·

328 751 442 829 uertit,
465 751 570 832 rapido
585 769 674 815 eursu
689 753 805 816 testum
819 752 929 820 domus
942 751 1075 830 mandit,
1097 751 1225 816 obuium
1239 769 1271 816 se
1285 749 1451 816 aduenien-

328 853 412 918 tibus
438 853 572 918 flammis
598 853 738 920 inferens.
772 856 937 920 tumuere
966 855 1081 919 mirum
1106 855 1140 918 in
1163 854 1291 919 modum
1315 869 1451 918 oerneres

329 959 434 1021 contra
453 957 519 1021 uim
534 957 620 1021 uenti
644 957 748 1040 ignom
767 958 950 1040 retorqueri,
971 959 1009 1021 ut
1028 957 1300 1041 oompugnantium
1318 956 1400 1020 inter
1418 973 1451 1020 so

330 1059 549 1124 elomentorum
566 1059 692 1141 quidam
706 1059 864 1124 eunoun
877 1060 1041 1125 moeretur.
1064 1060 1110 1124 ea
1128 1035 1245 1124 nelo
1263 1059 1392 1123 urens
1404 1057 1451 1121 ιιι
1472 1075 1485 1114 s

299 1163 451 1228 stantum
474 1162 554 1245 iguis
578 1163 625 1226 est
646 1163 801 1244 operatum,
823 1163 878 1227 ubi
899 1163 1001 1228 iussus
1023 1164 1079 1227 est.
1102 1163 1140 1226 ln
1160 1161 1229 1226 uioo
1249 1162 1371 1239 autem,
1400 1160 1450 1224 oui

328 1265 494 1346 Leprosum
515 1281 625 1330 nomen
644 1265 706 1343 est,
729 1283 800 1331 eum
815 1265 924 1330 itidem
938 1264 1090 1347 templum
1110 1264 1378 1347 opulentissimum
1397 1281 1450 1328 eu·

329 1366 507 1448 perstitiose
521 1367 679 1451 religionis
693 1369 842 1433 uoluisset
855 1369 1004 1446 euertere,
1018 1367 1136 1432 restitit
1149 1367 1178 1433 ei
1191 1366 1361 1431 multitudo
1375 1384 1450 1451 geu·

297 1468 446 1546 lulium,
470 1469 543 1534 adeo
563 1472 678 1536 utnon
697 1471 811 1553 absque
839 1471 951 1536 iniuria
970 1472 1013 1536 sit
1032 1471 1180 1552 repulsus.
1203 1470 1307 1552 itaque
1326 1469 1451 1534 sooessit

326 1571 365 1636 ad
391 1572 528 1653 proxima
555 1573 763 1656 looa‚ibique
787 1574 1003 1656 pertriduum
1028 1573 1128 1638 oilioio
1153 1574 1253 1637 leatus
1281 1575 1313 1638 et
1340 1574 1486 1652 sinerum

327 1674 464 1743 ieiunans
480 1693 599 1757 semper
613 1676 710 1758 adque
724 1695 828 1754 orans,
850 1677 1030 1758 precabatur
1044 1676 1083 1741 ad
1097 1676 1281 1754 Dominum,
1303 1677 1354 1758 ut,
1377 1676 1451 1758 quia

327 1777 478 1859 templum
494 1778 573 1843 illud
587 1781 720 1844 euertere
734 1779 868 1844 humana
881 1798 990 1844 manus
1004 1797 1065 1844 non
1078 1779 1238 1861 potuisset,
1255 1780 1356 1843 uirtus
1370 1779 1450 1844 illud

298 1879 432 1944 bdiuina
447 1880 588 1945 dirueret.
620 1883 688 1947 tum
709 1883 810 1947 subito
831 1882 861 1946 ei
881 1881 941 1945 duo
961 1882 1064 1966 angeli
1083 1882 1199 1946 hastati
1218 1882 1317 1964 adque
1336 1883 1451 1948 scutati

326 1982 423 2046 instar
437 1981 567 2048 militiae
582 1983 719 2048 eoelestis
735 2003 766 2048 se
781 1985 973 2062 obtulerunt,
996 1984 1130 2048 dieentes
1159 1984 1270 2048 missos
1295 2003 1328 2049 se
1347 2003 1366 2049 a
1385 1985 1449 2050 Do·

326 2085 425 2163 mino,
441 2086 477 2148 ut
491 2086 638 2151 rusticam
652 2087 885 2153 multitudinem
900 2086 1043 2170 fugarent
1056 2087 1303 2169 praesidiumque
1317 2087 1450 2153 Martino
1459 2110 1486 2151 ιι

325 2187 452 2266 ferrent,
480 2190 622 2272 nequis,
645 2191 720 2255 dum
748 2191 901 2272 templum
925 2190 1111 2267 dimeretur,
1139 2190 1316 2254 obsisteret:
1338 2191 1451 2255 rediret

297 2300 396 2374 eergo
417 2294 448 2356 et
468 2309 543 2373 opus
564 2295 705 2374 coeptum
725 2292 854 2357 deuotus
874 2291 1025 2374 impleret.
1047 2292 1094 2356 ita
1112 2311 1267 2376 regressus
1281 2293 1320 2358 ad
1334 2293 1449 2371 uicum,

327 2393 567 2482 inspectantibus
582 2395 747 2477 gentilium
767 2394 867 2459 turbis
888 2395 920 2458 et
938 2394 1179 2477 quiesoontibus‚
1201 2395 1277 2460 dom
1291 2395 1451 2477 profanam

326 2496 432 2560 aedem
457 2513 553 2576 usque
578 2497 617 2560 ad
642 2495 841 2562 fundamenta
869 2497 1017 2575 dirueret,
1039 2516 1106 2563 aras
1120 2515 1224 2562 omnes
1239 2499 1338 2582 adque
1352 2499 1450 2562 simu·

298 2597 408 2663 llaora
421 2598 541 2682 redegit
554 2598 587 2662 in
601 2598 767 2681 puluerem.
791 2619 851 2681 quo
866 2599 933 2664 uiso
947 2600 1071 2677 metiri,
1095 2619 1167 2665 oum
1186 2619 1218 2666 se
1239 2601 1489 2686 intellegerentur

326 2701 431 2766 dirdno
453 2701 532 2766 nutu
547 2701 771 2783 obstupefactos
786 2703 885 2784 adque
899 2702 1090 2784 perterritos,
1111 2721 1150 2768 ne
1175 2705 1314 2786 episeopo
1339 2723 1451 2789 repug-

324 2803 439 2882 narent,
455 2822 558 2868 omnes
574 2804 636 2869 iere
651 2806 754 2870 losum
768 2805 937 2869 Dominum
951 2805 1152 2883 eredidemnt‚
1168 2807 1334 2872 clamantes
1349 2808 1451 2889 palam

325 2910 356 2972 st
371 2907 563 2986 confitentes,
585 2908 687 2972 Deum
701 2908 830 2973 Martini
844 2907 1021 2986 solendum,
1043 2907 1126 2974 idola
1138 2910 1244 2974 autom
1257 2910 1451 2994 neclegendu,

325 3029 401 3093 quas
415 3028 471 3076 neo
483 3011 545 3075 sibl
560 3031 614 3076 aec
628 3011 705 3075 aliis
719 3011 823 3076 adesso
837 3012 969 3092 possent.

375 3181 393 3236 2
411 3180 517 3234 obuiam
528 3181 559 3235 F
608 3181 625 3237 6
643 3183 765 3250 operatus
778 3183 820 3236 est
830 3182 861 3235 F
911 3183 929 3239 7
948 3183 1066 3251 leprosus
1079 3183 1118 3244 A,
1137 3182 1271 3237 lebrosum
1283 3183 1340 3237 aod.
1355 3183 1448 3238 Borol.

324 3267 467 3335 (Voreda),
478 3267 576 3321 libroso
588 3267 633 3330 Μ,
652 3267 764 3322 librosso
776 3267 833 3322 cod.
846 3268 872 3322 J
870 3270 942 3323 oreti
946 3310 953 3333 ‚
965 3268 1079 3322 librasse
1091 3268 1130 3332 B,
1149 3269 1214 3335 fort.
1228 3269 1343 3337 Leproso
1355 3269 1449 3338 (Gisc-

324 3353 399 3406 liooe
411 3359 481 3406 locet
494 3353 528 3406 de
539 3355 596 3408 eure
608 3353 699 3420 libris)
724 3355 736 3421 ll
763 3353 859 3408 itidem
872 3355 935 3408 ΒΜ
938 3374 944 3408 :
956 3353 1027 3408 idem
1044 3353 1116 3408 AFo
1137 3355 1150 3422 ΙΙ
1173 3355 1374 3423 superstitiosae
1388 3355 1450 3409 reli·

323 3439 411 3508 gionis
423 3440 450 3492 B
461 3445 487 3492 et
498 3442 518 3492 2
530 3439 605 3493 codd.
624 3440 705 3494 Gieel.
772 3441 807 3496 11
827 3441 967 3494 aDomino
979 3457 996 3494 o
1059 3439 1096 3497 12
1114 3439 1179 3494 illut
1194 3440 1221 3494 V
1239 3442 1251 3508 ΙΙ
1274 3456 1368 3494 manus
1380 3441 1450 3496 BV:

323 3541 402 3580 mauu
414 3524 500 3592 amq
518 3526 633 3580 contulit
645 3526 679 3580 cle
691 3527 779 3580 Proto
796 3527 876 3596 Gneo.
893 3528 995 3581 Toron.
1009 3527 1034 3580 la
1047 3525 1153 3580 From.
1170 3526 1255 3593 VIII,
1266 3531 1317 3580 12:
1330 3527 1452 3581 &ninam

322 3609 529 3668 misericordiam
539 3650 562 3664 ..
582 3611 737 3680 flagitabat,
756 3615 787 3664 ut
804 3612 868 3680 qnia
884 3612 913 3666 id
929 3613 974 3680 (so.
995 3611 1177 3680 rirnulaorum)
1189 3611 1306 3666 huruana
1317 3612 1452 3666 industria

323 3701 441 3754 euertere
455 3712 506 3750 nou
516 3696 630 3761 ualeret,
643 3697 731 3750 uirtus
740 3697 809 3752 illud
820 3697 913 3752 diuina
921 3696 1070 3751 destrueret
1118 3697 1155 3753 16
1168 3697 1278 3768 rediret]
1288 3696 1351 3752 dum
1361 3698 1414 3752 iret
1428 3699 1456 3752 V
1503 3721 1508 3727 ·

375 3785 412 3842 17
430 3801 492 3853 orgo
503 3799 568 3853 opus
580 3784 730 3851 incoeptum
742 3784 772 3837 F
791 3784 803 3850 ΙΙ
827 3783 980 3838 deuotumo
1042 3781 1079 3840 18
1097 3783 1281 3852 spectantibus
1294 3785 1339 3848 M,
1359 3799 1451 3852 arpeo·

322 3871 443 3926 tentibus
464 3869 522 3924 BV
571 3869 607 3926 19
625 3869 798 3922 fundamenta
818 3869 850 3922 F
865 3867 913 3922 sed
932 3869 1031 3923 ultima
1048 3885 1064 3921 a
1082 3869 1114 3921 io
1130 3885 1198 3933 ros,
1219 3869 1452 3924 fundamentumo

374 3957 413 4014 22
426 3957 480 4010 fore
489 3971 537 4010 om.
547 3955 578 4009 F
580 3971 623 4024 pr.
635 3957 697 4022 mxl}
713 3955 802 4008 losum
815 3955 887 4009 MV:
908 3955 937 4008 in
949 3954 1041 4008 Iesum
1054 3954 1126 4007 AFo
1137 3954 1177 4021 (in
1189 3953 1324 4009 dominum
1336 3954 1361 4009 J.
1372 3956 1413 4025 Γ)
1428 3957 1442 4024 ΙΙ

323 4041 557 4111 clamantesqueF
608 4039 647 4096 23
659 4040 793 4095 dominum
809 4041 844 4094 V¹
862 4041 874 4107 ΙΙ
890 4042 979 4094 autem
997 4041 1033 4095 V:
1043 4057 1091 4094 om.
1102 4039 1174 4093 nuo
1193 4042 1206 4109 ΙΙ
1224 4040 1456 4110 neglegendaAF

375 4129 413 4185 24
424 4145 472 4182 noo
492 4127 546 4182 sibi
567 4142 615 4181 neo
635 4125 697 4178 aliis
717 4125 808 4179 adesse
829 4126 863 4180 de
877 4127 978 4181 Proto:
996 4142 1044 4180 neo
1056 4125 1109 4178 sibi
1126 4125 1218 4179 adesse
1235 4126 1270 4190 V,
1293 4127 1348 4181 sibi
1360 4127 1452 4183 adesse

323 4231 375 4270 non
392 4215 449 4268 rell.
469 4220 494 4268 et
512 4231 543 4282 o;
562 4214 597 4280 of.
621 4212 701 4281 Gorg.
724 4213 828 4266 Toron.
847 4213 872 4266 la
891 4212 941 4267 Fr.
956 4213 998 4279 II,
1011 4214 1049 4264 29
1067 4209 1138 4263 nihil
1149 4212 1212 4265 suut
1224 4211 1263 4266 dii
1276 4227 1341 4281 quos
1353 4213 1451 4277 colitis,

324 4301 370 4370 qui
383 4315 465 4368 noque
478 4299 531 4354 sibi
543 4315 627 4368 neque
639 4298 702 4352 aliis
713 4299 859 4366 potuerunt
870 4297 1022 4360 subuenire,
1041 4303 1067 4350 et
1079 4297 1121 4364 II,
1135 4299 1170 4350 31
1180 4297 1267 4366 eoepit
1279 4298 1304 4351 ei
1316 4299 1453 4354 insinuare

323 4389 387 4441 ut..
407 4385 479 4439 idola
491 4385 652 4455 negligeret,
671 4399 738 4452 quse
757 4399 840 4452 neque
853 4382 906 4436 sibi
919 4399 1003 4451 neque
1017 4381 1080 4435 aliis
1094 4381 1217 4450 prodesse
1230 4387 1339 4451 possent
1359 4386 1372 4453 ΙΙ
1393 4401 1453 4456 poe-

325 4475 366 4525 set
388 4470 417 4536 V,
430 4474 541 4541 possunt
552 4471 580 4525 A
