3300 5142
607 550 770 606 Octauius
787 566 809 603 o.
829 549 946 607 32-34.
1299 553 1341 618 47

211 708 308 774 istam
323 705 406 772 orbis
420 705 613 788 prouinciam
627 706 709 783 sunt,
724 706 789 771 Deo
804 706 896 789 plena
910 706 996 771 siut?
1016 707 1130 789 ubique
1143 725 1204 772 neu
1217 708 1342 773 tautum

211 812 300 877 nobis
320 810 492 893 proximus,
523 809 577 874 sed
591 808 712 875 infusus
726 812 783 875 ost.
814 809 847 875 in
862 809 959 875 solem
974 810 1049 876 adeo
1070 829 1176 878 rursus
1197 811 1341 876 intende:
1353 826 1372 881 8

211 915 297 980 eaelo
317 913 448 993 adfixus,
479 911 533 978 sed
552 912 644 978 bnis
668 912 811 977 omnibus
832 930 956 994 sparsus
978 913 1040 978 est:
1070 914 1185 996 puriter
1199 933 1342 998 praesens

211 1018 327 1101 ubique
355 1016 485 1083 interest
514 1017 546 1082 et
564 1015 713 1082 miseebnr
735 1016 892 1099 omuibus,
923 1035 1077 1099 nusquam
1100 1017 1165 1083 eius
1191 1017 1342 1083 oleritudo

190 1121 358 1190 euiolutur.
375 1120 487 1202 quanto
497 1119 600 1203 magis
606 1120 690 1185 Deus
701 1121 810 1184 auetor
821 1119 1004 1186 omniumae
1014 1122 1187 1203 speculator
1193 1120 1371 1200 omniums

212 1242 305 1307 uque
325 1223 448 1288 nullum
476 1223 579 1306 potest
606 1241 672 1289 esse
692 1222 855 1302 secretum,
881 1223 1017 1289 tenebris
1040 1223 1184 1303 interest,
1215 1224 1344 1289 intem

212 1327 453 1414 eogitatiouibus
467 1327 590 1407 uostris,
606 1327 696 1410 qussi
711 1327 818 1392 alteris
833 1326 986 1393 tenebris!
1002 1345 1063 1393 non
1077 1329 1201 1394 tantum
1215 1326 1273 1391 sub
1287 1325 1343 1390 ille

212 1432 345 1518 agimus,
361 1430 416 1497 sed
430 1433 463 1496 et
478 1449 549 1496 oum
563 1431 628 1509 illo,
643 1430 680 1496 ut
694 1449 788 1513 propo
803 1430 944 1509 dixerim,
962 1432 1107 1498 uiuimus.

254 1534 320 1600 Noe
333 1535 423 1600 nobie
437 1535 476 1600 ds
490 1536 596 1600 nostm
610 1533 783 1617 frequentia
801 1534 1015 1601 blandiamur:
1045 1536 1139 1601 multi
1153 1535 1241 1600 uobis
1256 1535 1344 1600 uide·
1355 1540 1396 1604 22

176 1659 292 1718 remur,
323 1641 376 1705 sod
397 1640 462 1705 Deo
482 1640 650 1705 admodum
664 1639 756 1722 pauci
775 1657 892 1703 sumus.
924 1657 979 1703 uos
1009 1641 1116 1724 gentes
1145 1639 1345 1721 nationesque

211 1742 451 1830 distinguimus:
468 1743 533 1809 Deo
543 1763 606 1809 uua
618 1743 728 1808 domus
743 1743 791 1808 est
801 1741 937 1808 mundus
952 1742 1003 1809 hie
1015 1743 1109 1808 tetus.
1126 1761 1213 1827 reges
1224 1743 1344 1808 statum

211 1847 298 1931 regni
314 1847 364 1911 sui
377 1865 433 1930 per
447 1845 550 1913 officia
563 1846 780 1911 ministrorum
802 1845 927 1912 diuersa
941 1846 1109 1913 uouenmt:
1141 1845 1206 1911 Deo
1220 1844 1345 1910 indiciis

208 1966 287 2032 opus
302 1966 364 2013 nou
379 1951 441 2014 est:
456 1967 518 2014 nou
532 1950 615 2014 enim
629 1949 732 2015 solum
746 1949 779 2012 iu
793 1949 892 2014 oeulis
908 1949 984 2028 eius,
1001 1950 1101 2015 sedin
1114 1948 1343 2014 einuuiuimus.

209 2053 264 2118 sed
274 2052 400 2118 Iudaeis
411 2052 491 2117 nibil
501 2052 628 2135 prefuit,
644 2051 726 2135 qued
737 2071 835 2116 unum
846 2054 877 2118 ei
891 2052 952 2135 ipsi
963 2053 1064 2117 Deum
1079 2053 1140 2117 aris
1155 2053 1249 2134 atque
1262 2053 1373 2118 tem-2

175 2157 271 2240 replis
286 2158 424 2222 maxima
438 2156 655 2239 superstitione
670 2157 839 2222 coluerunt.
870 2156 1048 2242 ignorantie
1066 2157 1195 2235 laboris,
1218 2156 1246 2220 si
1260 2155 1344 2241 prio·

210 2279 282 2325 rum
294 2262 349 2325 aut
363 2260 478 2325 oblitus
498 2261 554 2326 aut
573 2261 689 2327 insoius
708 2261 914 2343 posteriorum
929 2260 1106 2326 recordaris.
1138 2279 1210 2326 nam
1232 2260 1264 2324 et
1283 2259 1372 2341 ipsis

209 2363 313 2429 Deum
323 2364 474 2442 uestrum,
490 2363 574 2429 idem
586 2364 669 2429 enim
683 2364 823 2430 omnium
831 2364 914 2428 Deus
928 2365 985 2444 est,
997 2362 1116 2444 expedi
1128 2367 1220 2428 eant:
1234 2380 1344 2446 quam-

209 2467 266 2532 diu
281 2467 364 2535 euim
377 2485 448 2532 eum
457 2467 549 2546 caste,
562 2467 683 2532 innoxie
692 2467 896 2552 religioseque
908 2467 1077 2545 noluerunt,
1089 2466 1239 2549 quamdiu
1254 2483 1344 2549 prae·

210 2571 308 2654 ceptis
324 2570 499 2636 salubribus
514 2571 815 2654 obtemperarem,
843 2570 880 2636 de
898 2571 1005 2654 paueis
1020 2571 1173 2636 innumeri
1193 2568 1280 2648 faeti,
1306 2569 1345 2634 de

174 2675 373 2758 negantibus
388 2674 512 2753 diuites,
543 2674 580 2739 de
594 2674 802 2740 seruientibus
822 2693 927 2759 roges:
957 2674 1071 2739 modioi
1085 2675 1212 2753 multos,
1233 2671 1345 2740 mermi

211 2780 357 2858 armatos,
374 2779 451 2844 dum
461 2777 586 2864 fugiunt
597 2779 801 2861 insequentes,
814 2778 874 2844 Dei
886 2779 973 2844 iussu
986 2780 1018 2844 et
1030 2778 1191 2845 elementis
1202 2776 1345 2843 adniten-

209 2881 296 2947 tibus
310 2881 486 2947 obruerunt.
503 2883 621 2964 scripta
633 2900 739 2947 eorum
755 2881 868 2966 relege,
885 2883 936 2947 uol
948 2881 975 2947 si
990 2881 1138 2947 Romanis
1150 2880 1252 2964 magis
1267 2879 1376 2963 gau-4

210 2985 276 3065 des,
292 2986 329 3051 ut
339 2984 531 3050 transeamus
546 2987 676 3064 ueteres,
694 2983 937 3068 [Plauidosephi
951 2985 1016 3068 uel]
1029 2983 1158 3051 Antonii
1176 2983 1291 3048 Iuliani
1306 2984 1345 3048 de

264 3240 279 3296 1
298 3240 355 3295 Deo
365 3241 445 3310 plena
460 3241 593 3297 Vrsinus.-
616 3242 664 3296 deo
685 3242 794 3312 cognite
813 3242 893 3312 pleno
910 3243 962 3309 Pr,
974 3241 1030 3296 Deo
1042 3243 1138 3295 cuneta
1149 3241 1229 3310 plene
1239 3241 1272 3294 P.
1283 3239 1344 3293 Du-

173 3330 180 3340 “
208 3325 268 3381 aiei
287 3331 313 3380 et
325 3326 482 3395 dictersius,
495 3328 531 3393 es.
548 3327 646 3382 Haud.
659 3327 698 3382 ed
708 3327 868 3396 Wopkeneo'e'
880 3328 950 3382 lecit.
967 3327 1038 3382 Tell.
1050 3343 1077 3396 p.
1092 3331 1145 3381 314
1156 3333 1213 3381 aot.
1284 3325 1303 3382 2
1316 3325 1344 3378 iu

208 3413 266 3466 sole
278 3412 328 3475 Pr,
342 3427 389 3465 ern.
407 3411 540 3467 Gelenius
591 3413 610 3469 3
629 3413 685 3467 cele
699 3414 731 3477 P,
743 3413 816 3467 eeele
827 3430 843 3467 r
906 3413 927 3470 4
945 3417 971 3467 ei
984 3414 1012 3467 P
1022 3413 1065 3482 (et
1077 3412 1135 3466 eius
1146 3413 1228 3480 iufra
1239 3425 1345 3482 quoque

210 3515 238 3553 ee
252 3501 287 3552 13
298 3498 332 3552 ie
343 3499 371 3552 P
381 3498 514 3566 seriptum
526 3501 593 3566 est):
611 3499 683 3554 enim
694 3516 710 3552 r
762 3499 781 3556 8
799 3499 846 3554 sed
857 3515 918 3554 eum
929 3515 945 3553 r
958 3505 983 3553 et
998 3499 1150 3554 Heumann
1170 3501 1183 3567 ΙΙ
1203 3497 1251 3552 illo
1264 3513 1345 3568 prope

207 3583 324 3638 dixerim
333 3583 453 3639 Vreeeee
494 3585 530 3641 11
549 3585 652 3639 datum
661 3616 694 3624 —
703 3584 810 3639 diuersa
819 3585 977 3640 Mearaieea:
989 3586 1046 3638 tum
1056 3616 1089 3624 -
1099 3584 1225 3638 uniuersa
1237 3585 1271 3649 P,
1281 3584 1344 3638 tan·

209 3671 270 3723 tum
279 3701 313 3708 —
323 3669 449 3724 uniuersa
469 3686 497 3734 r,
519 3672 623 3725 statum
631 3702 665 3710 —
674 3671 830 3725 uniuersum
850 3672 1033 3740 coemeram,
1057 3675 1205 3739 mamaeae
1224 3669 1346 3724 Meuraie'

207 3755 428 3811 memnonem
438 3771 625 3826 oopooooerem
673 3757 709 3814 12
727 3759 859 3812 uenerunt
880 3758 921 3811 P:
942 3772 1039 3812 uouere
1059 3757 1120 3812 odd.
1136 3758 1149 3825 ΙΙ
1166 3755 1275 3810 iudiciis
1295 3772 1311 3809 r

213 3842 249 3900 13
261 3857 314 3896 nou
326 3843 398 3896 euim
409 3841 496 3896 selum
507 3843 537 3897 in
548 3842 632 3897 oeulis
641 3859 706 3900 noe:
718 3859 771 3898 uon
783 3843 812 3896 in
824 3844 910 3898 selum
922 3843 1006 3898 oeulis
1016 3845 1054 3908 P,
1068 3843 1159 3897 Solum
1170 3843 1200 3895 iu
1211 3857 1234 3895 e.
1248 3857 1276 3908 r,
1289 3843 1346 3896 Nee

209 3928 297 3982 selum
306 3929 335 3982 iu
346 3944 384 3983 ee.
398 3928 522 3984 &bueus
532 3930 759 3999 iepraefatieee,
768 3945 821 3984 nou
833 3929 919 3983 selum
931 3929 960 3982 iu
972 3945 995 3983 o.
1013 3929 1098 3999 welpo
1114 3929 1127 3996 il
1144 3927 1231 3982 sedin
1242 3927 1272 3982 iu
1283 3927 1345 3982 siuu

211 4015 246 4078 P,
258 4015 307 4069 aed
316 4015 345 4069 in
355 4030 475 4080 naam,
489 4014 535 4070 sed
546 4019 576 4069 et
586 4015 616 4069 iu
627 4016 689 4070 sinu
701 4015 761 4070 edd.
816 4015 853 4072 14
865 4014 951 4070 iudeis
962 4016 990 4069 P
1044 4014 1081 4072 17
1099 4014 1203 4084 experti
1220 4016 1283 4077 suut
1294 4029 1345 4070 uos

210 4103 415 4171 supplosionem
426 4103 518 4159 adsue
529 4103 606 4158 doceor
616 4105 657 4159 eie
667 4104 851 4158 ameeeetw:
865 4119 927 4158 num
938 4104 967 4157 et
975 4102 1029 4172 ipsi
1037 4103 1124 4158 Deum
1132 4104 1260 4166 nostrum,
1273 4101 1345 4156 idem

210 4187 283 4242 euim
303 4204 326 4243 e.
349 4189 421 4244 Deus
432 4191 487 4255 eet,
507 4189 635 4259 quamdiu
646 4205 708 4244 eum
719 4192 820 4244 eume..
839 4189 979 4245 doluerunt
995 4193 1043 4244 ete.
1066 4187 1205 4257 (quamdiu
1223 4188 1294 4242 eninr
1312 4192 1345 4241 eil

209 4274 291 4331 toea
302 4277 339 4346 P]
403 4277 442 4333 22
459 4277 560 4346 gaudes
572 4278 601 4331 P
611 4292 681 4332 corr.
694 4291 709 4331 e
720 4276 817 4346 gaudie
881 4275 919 4333 23
937 4274 1099 4344 ieseepiP1,
1118 4273 1203 4344 iosepi
1215 4274 1243 4328 P
1258 4288 1327 4328 oorr.
1334 4293 1344 4341 ;

210 4359 292 4415 Flaui
301 4361 352 4416 Ios
366 4363 410 4416 uel
422 4363 554 4432 glossema
565 4363 766 4418 meteremus
774 4362 912 4418 Douisim
921 4360 1032 4430 (relege,
1051 4362 1083 4413 ut
1091 4362 1259 4414 transeamus
1271 4361 1344 4412 uete-

209 4462 266 4512 res,
285 4448 329 4502 uel
345 4448 425 4502 Flaui
442 4447 562 4518 Iosephi,
580 4449 625 4503 uel
642 4449 666 4502 si
683 4448 715 4504 It
732 4449 821 4519 megia
838 4447 952 4519 gaudes,
974 4444 1302 4514 nilamnionem)
1321 4445 1334 4512 ΙΙ

209 4533 316 4588 antonii
325 4535 359 4597 P,
372 4534 420 4589 aed
432 4534 453 4588 ii
465 4536 497 4588 ia
509 4551 612 4590 rasura
624 4552 658 4590 ex
669 4535 808 4600 antonini,
824 4541 859 4589 eet
870 4533 984 4590 uidetur
