3300 5142
365 532 429 597 222
833 524 1011 596 Appendir.

331 699 350 754 o
403 689 474 748 Post
487 688 563 747 huno
576 685 703 746 elambit
717 685 822 760 <lignus
837 685 950 745 Domini
965 684 1011 744 sui
1024 685 1118 744 Dauid
1133 685 1257 744 semine:
1279 671 1351 760 ‘l'go
1366 687 1415 756 te,
1430 685 1491 744 Do-

361 792 451 864 mine,
474 808 525 865 per
546 791 640 850 omnia
662 789 811 861 nuntiaui,
844 805 896 863 ego
915 787 1024 847 nomini
1039 789 1088 847 tuo
1103 789 1217 847 uotum
1231 788 1411 847 seruiendum
1427 803 1492 848 ease

361 894 498 955 olumaui:
521 893 647 969 egoelixi
675 879 814 951 ‘beatus
836 891 893 950 uir
915 891 970 965 qui
992 891 1102 950 timet
1123 875 1341 964 Dominum',
1364 891 1492 966 egodixi

359 986 603 1056 ‘exultabunt
624 995 750 1054 saneti
772 994 807 1053 in
829 979 980 1068 gloria',
1003 993 1130 1068 egodiri
1148 982 1390 1054 ‘desiderium
1411 1009 1493 1067 peo-

361 1103 529 1160 oatornm
550 1081 721 1172 peribit',
744 1100 778 1156 nt
797 1096 848 1156 isti
877 1099 906 1156 te
926 1099 1110 1171 agnoscerent
1130 1099 1158 1156 et
1178 1113 1293 1172 peecare
1319 1096 1492 1156 desinerent.
1519 1111 1532 1148 ⁵

361 1221 415 1278 ego
429 1220 493 1262 oum
507 1201 587 1276 regia
601 1200 747 1275 praeditus
761 1216 852 1259 essem
875 1201 1030 1273 potestate,
1054 1199 1147 1260 eilieio
1167 1201 1342 1274 euperteoto,
1373 1199 1495 1273 puluere

363 1305 506 1375 submoto,
529 1303 667 1376 depositis
695 1303 858 1376 insignibus
886 1302 1114 1376 magnificentiae
1143 1319 1221 1362 meae
1243 1302 1380 1375 pronubui
1401 1301 1494 1362 uesti-

364 1408 483 1478 mentie‚
505 1409 540 1465 nt
553 1407 620 1466 istis
639 1405 867 1466 mansuetudinis
888 1407 974 1479 etque
996 1406 1170 1465 humilitatis
1191 1407 1307 1464 daretur
1321 1405 1494 1478 exemplum.

364 1527 416 1585 ego
431 1509 554 1568 inimicis
568 1509 656 1580 meis,
679 1508 729 1582 qui
744 1508 902 1567 interficere
917 1525 962 1568 me
976 1509 1145 1582 eupiemnt,
1168 1508 1300 1582 peperci,
1322 1510 1357 1566 ut
1377 1506 1494 1566 miseri·

362 1614 487 1672 cordiam
501 1629 592 1671 meam
606 1611 657 1670 isti
670 1611 823 1685 probarent
837 1595 1024 1670 imitandam'.
1041 1613 1111 1670 Post
1125 1611 1200 1670 hune
1215 1611 1306 1670 lenias
1320 1609 1424 1686 dignus
1440 1609 1533 1668 Deire

364 1716 468 1790 spiritu
492 1732 548 1774 non
571 1714 685 1774 tacebit.
707 1702 794 1788 ‘Ego,
817 1713 951 1786 Domine,
973 1716 1003 1772 te
1023 1729 1073 1786 per
1095 1731 1126 1774 os
1143 1731 1236 1772 meum
1255 1714 1389 1787 loquente
1409 1729 1495 1786 prae-

363 1818 460 1878 monui
495 1805 571 1876 ‘uae
597 1817 645 1877 iis
673 1817 736 1890 qui
757 1817 919 1890 iungunt
940 1817 1078 1875 domum
1106 1818 1146 1875 ed
1172 1799 1337 1888 domum’,
1373 1817 1407 1874 nt
1433 1832 1495 1874 mo-

364 1923 432 1980 dum
447 1920 598 1993 cupiditati
612 1919 784 1992 inponerem.
800 1935 853 1994 ego
868 1919 940 1978 iram
954 1921 1035 1978 tuam
1050 1919 1232 1992 peccantibus
1244 1919 1357 1978 uenisse
1368 1920 1496 1976 testatus

364 2041 446 2095 sum,
469 2024 502 2081 ut
517 2023 589 2081 istos
603 2038 621 2080 a
635 2021 795 2081 malefactis
810 2021 871 2081 suis
886 2021 911 2080 si
926 2039 982 2081 non
996 2039 1061 2094 epea
1076 2022 1281 2096 praemiorum,
1305 2021 1403 2080 saltim
1425 2038 1496 2096 sup-

365 2126 516 2200 plieiorum
530 2124 650 2185 formido
665 2110 827 2184 cohiberet'.
1508 2141 1535 2180 re

336 2237 356 2291 6
408 2231 478 2289 Post
503 2229 555 2288 hoe
576 2228 704 2301 aliosque
731 2228 895 2301 conplures,
919 2227 968 2301 qui
991 2227 1134 2286 doetrinae
1154 2227 1236 2287 nobis
1257 2227 1351 2286 ollieia
1371 2227 1497 2300 praesti-

365 2334 473 2404 terunt,
488 2331 550 2404 ipse
564 2331 617 2389 Dei
631 2330 709 2388 lilius
723 2331 793 2389 haee
806 2330 953 2404 loquetur:
976 2317 1048 2404 ‘Ego
1063 2331 1138 2388 eerte
1153 2331 1264 2390 exoelsa
1277 2330 1342 2388 sede
1353 2329 1497 2400 sublimis,

366 2435 476 2494 eaelum
505 2433 617 2506 palma,
640 2435 746 2492 terram
772 2433 882 2507 pugillo
905 2433 1069 2504 nominem,
1092 2433 1169 2492 intra
1198 2435 1334 2506 extraque
1362 2431 1497 2504 diffusus,

367 2539 531 2595 eunetorum
554 2551 626 2608 qnae
651 2535 810 2609 gignurmur
833 2536 951 2595 interior
979 2539 1065 2610 atque
1087 2535 1218 2594 omnibus
1244 2553 1316 2610 quae
1345 2536 1499 2594 mouentur

366 2639 508 2710 exterior,
545 2636 783 2709 inaestimabilis,
819 2641 939 2698 naturae
968 2641 1110 2713 potestate
1145 2638 1295 2710 infinitus,
1338 2637 1534 2698 inuisibilisao

368 2743 499 2814 aspectu,
523 2739 816 2813 incomprehensibilis
830 2742 962 2812 adtaetu,
986 2743 1019 2800 ut
1033 2741 1109 2801 inter
1123 2758 1175 2800 uos
1189 2743 1226 2800 ad
1241 2742 1424 2800 edomandam
1440 2741 1495 2798 (lu-

368 2845 466 2902 ritiam
498 2843 590 2902 cordis
620 2842 710 2901 uestri
732 2845 762 2901 et
782 2843 930 2916 perfidiam
952 2845 1089 2904 doetriuis
1109 2844 1284 2903 salutaribus
1311 2844 1495 2902 molliendam

369 2949 497 3007 uestrum
527 2945 662 3004 minimus
684 2946 847 3018 existerem,
871 2947 949 3005 nasei
971 2965 1054 3007 earne
1076 2947 1211 3022 dignatus
1226 2965 1289 3006 eum
1309 2946 1497 3020 depositaque

369 3050 422 3110 Dei
436 3049 529 3124 gloria
542 3049 673 3109 habitum
687 3048 794 3108 formae
809 3049 923 3108 seruilis
940 3051 1099 3124 adsumpsi,
1123 3052 1156 3108 ut
1176 3049 1383 3108 communicata
1398 3048 1496 3108 uobis-

369 3170 434 3212 eum
449 3152 615 3211 infirmitate
629 3168 770 3224 oorporea,
787 3169 899 3210 rursum
915 3153 945 3211 in
961 3153 1132 3212 eoueortium
1147 3152 1255 3226 gloriae
1269 3168 1348 3211 meae
1364 3168 1414 3224 per
1429 3151 1497 3210 obe-
1508 3165 1534 3205 as

370 3254 508 3314 ‹lientiam
535 3254 679 3327 praecepti
709 3253 812 3312 salutis
841 3255 1012 3314 adhiberem.
1037 3255 1130 3328 aegris
1159 3255 1336 3330 infirmisque
1365 3253 1498 3312 omnibus

371 3358 539 3427 sanitatem,
561 3355 691 3415 anditum
721 3357 830 3429 surdis,
860 3357 954 3416 uisum
982 3358 1087 3430 caeeis,
1120 3375 1215 3416 uooem
1242 3357 1348 3428 mutis,
1386 3357 1498 3416 modis

371 3462 474 3535 pedum
489 3458 582 3518 officia
596 3458 724 3530 restitui,
748 3462 780 3516 ut
795 3477 846 3519 uos
860 3460 950 3534 signis
965 3459 1135 3519 caelestibus
1149 3476 1341 3534 permonerem
1351 3505 1367 3532 „
1382 3477 1437 3534 quo
1453 3459 1497 3517 la-

371 3564 456 3622 oilius
471 3562 503 3619 in
516 3562 661 3634 meatque
681 3562 711 3619 in
726 3562 777 3633 iis,
801 3579 873 3637 quae
889 3563 1135 3637 praedioeuemm,
1158 3563 1318 3622 crederetis.
1350 3578 1401 3637 ego
1416 3561 1499 3621 uobis

372 3667 513 3726 caelorum
527 3680 615 3737 regne
630 3664 760 3737 promisi,
784 3682 835 3739 ego
851 3667 952 3740 etiam,
976 3669 1009 3725 ut
1037 3666 1209 3740 inpunitatis
1234 3665 1377 3724 haberetis
1403 3681 1537 3726 exem-eo

372 3770 467 3844 plum,
490 3768 647 3838 latronem,
664 3767 714 3840 qui
728 3786 772 3827 me
787 3769 841 3828 sub
855 3770 955 3829 mortis
970 3787 1037 3829 suae
1052 3772 1177 3843 tempore
1192 3768 1350 3840 fatebatur,
1367 3768 1398 3826 iu
1413 3783 1498 3841 para-

373 3874 434 3933 diso
450 3869 601 3942 eollooaui,
624 3872 657 3928 ut
672 3871 719 3929 uel
734 3871 815 3930 illius
830 3871 927 3944 fidem,
951 3874 1000 3947 qui
1020 3873 1129 3932 remitti
1144 3872 1200 3932 sibi
1214 3874 1356 3931 meruerat
1371 3871 1497 3945 peecata,
1585 3855 1587 3858 ⁵

477 4053 556 4110 3Pe.
577 4052 642 4116 111,
663 4054 686 4110 1.
752 4054 837 4110 4Ps.
860 4055 924 4118 149,
943 4056 969 4113 5.
1000 4057 1011 4122 ΙΙ
1040 4056 1083 4108 Pe.
1105 4053 1236 4122 111,10.
1292 4054 1328 4110 12
1347 4053 1403 4106 les
1422 4053 1450 4114 5,
1469 4051 1497 4107 8.

378 4139 415 4196 18
433 4142 464 4193 el.
485 4140 534 4192 Iee.
553 4137 600 4202 40,
621 4139 665 4195 12.

427 4308 644 4377 6enperieotob
713 4311 918 4368 inestimentie
930 4313 1060 4382 glossema
1080 4311 1194 4366 uidetur
1265 4310 1303 4367 10
1319 4307 1501 4416 i⁵ffi⁸,PP⁰b⁸’

375 4444 432 4482 rem
450 4429 466 4480 b
487 4430 499 4495 ll
522 4432 655 4498 esayesG
716 4433 752 4488 12
771 4432 825 4484 hiis
842 4431 874 4496 0,
893 4429 963 4486 hist
1016 4433 1055 4487 14
1073 4432 1196 4485 saltemb
1263 4430 1299 4488 19
1317 4427 1505 4498 gignenturC

428 4515 465 4571 21
484 4513 705 4572 edomandumeo
757 4518 795 4575 26
814 4519 969 4573 salutarisb
1021 4519 1059 4576 29
1078 4518 1133 4572 hiis
1150 4517 1262 4580 ahiel>
1314 4515 1351 4572 32
1365 4514 1408 4568 nol
1418 4513 1500 4567 emb
