3300 5142
355 503 417 567 110
769 501 915 571 Sulpicii
933 500 1048 554 Seueri

323 660 454 722 aaran
480 677 553 722 esse.
583 676 639 742 ego
665 657 762 733 euim,
789 658 1022 739 cumprimum
1048 656 1188 720 animum
1213 654 1252 719 ad
1278 652 1475 718 scribendum

352 759 473 843 appuli,
497 761 569 843 quia
593 759 680 824 nefus
706 760 848 842 putarem
874 761 954 824 tanti
969 760 1030 824 uiri
1045 760 1142 824 latere
1155 760 1304 836 uirtutes,
1327 757 1411 840 apud
1424 775 1477 820 me

351 861 416 945 ipss
441 862 555 940 decidi,
577 864 613 927 ut
639 861 827 928 soloecismis
851 881 910 927 non
926 863 1149 927 erubescerem:
1173 863 1245 944 quia
1259 881 1315 927 nec
1329 879 1477 944 magnam
1586 950 1589 953 Ι

264 957 266 962 ’
351 964 483 1030 istarum
498 985 646 1047 umquam
660 983 762 1029 rerum
778 965 939 1030 scientiam
955 965 1170 1050 contigissem,
1199 968 1231 1030 et
1245 964 1362 1047 siquid
1377 983 1412 1029 ex
1426 962 1478 1026 bis

351 1068 462 1133 studiis
488 1068 562 1132 olim
585 1066 713 1132 fortasse
736 1066 893 1146 libassem,
920 1069 1022 1132 totum
1037 1067 1070 1132 id
1085 1068 1285 1132 desuetudine
1299 1067 1381 1132 tanti
1394 1069 1477 1131 tem·
1500 1083 1513 1119 ε

323 1171 433 1252 aporia
454 1170 663 1253 perdidissem.
701 1171 753 1236 sed
775 1173 881 1236 tamen
903 1190 943 1236 ne
962 1189 1016 1235 nos
1037 1173 1161 1236 maneat
1182 1173 1250 1235 tam
1270 1169 1402 1234 molesta
1422 1168 1477 1231 de-

350 1272 461 1351 fensio,
495 1291 671 1356 suppresso,
695 1275 721 1337 si
736 1274 795 1338 tibi
810 1274 950 1351 uidetur,
973 1273 1095 1339 nomine
1110 1273 1234 1338 libellus
1255 1274 1373 1337 edatrn.
1396 1271 1479 1354 quod

312 1374 315 1382 '
351 1376 387 1439 ut
412 1375 477 1440 fieri
499 1376 619 1452 ualeat,
641 1376 771 1442 titulum
792 1377 902 1442 frontis
924 1376 1029 1454 erade,
1061 1380 1098 1441 ut
1118 1379 1205 1441 muta
1232 1377 1275 1440 sit
1299 1376 1414 1460 pagina
1435 1369 1496 1450 et,

351 1477 431 1559 quod
446 1477 576 1556 sufficit,
599 1477 743 1561 loquatur
757 1481 938 1558 materiam,
960 1499 1021 1544 non
1035 1480 1180 1562 loquatur
1195 1480 1370 1561 auctorem!

324 1584 337 1646 l
393 1581 536 1663 Plerique
561 1581 707 1648 mortales
730 1583 833 1648 studio
858 1585 891 1648 et
916 1583 1032 1666 gloriae
1053 1581 1202 1647 saeculari
1224 1581 1357 1645 inaniter
1379 1579 1478 1644 dediti
1488 1595 1514 1633 1⁰

351 1683 458 1748 exinde
485 1703 665 1767 perennem,
688 1689 724 1750 ut
746 1686 915 1769 putabant,
949 1685 1131 1750 memoriam
1145 1685 1277 1748 nominis
1292 1683 1340 1746 sui
1355 1683 1479 1765 quaesi·

321 1789 455 1863 terunt,
490 1787 517 1850 si
547 1788 630 1852 uitas
651 1788 802 1852 clarorum
822 1789 960 1853 uirorum
983 1788 1055 1852 stilo
1080 1787 1308 1852 inlustrassent.
1332 1803 1411 1867 quae
1431 1803 1481 1849 res

350 1889 457 1970 utique
471 1907 530 1952 non
545 1909 707 1971 perennem
722 1889 862 1972 quidem,
886 1891 939 1956 sed
954 1889 1183 1972 aliquantulum
1196 1894 1302 1954 tamen
1317 1890 1481 1971 conceptae

351 1991 416 2074 spei
432 1990 568 2056 bustum
584 1991 758 2071 adferebat,
774 1994 848 2074 quia
863 1995 895 2058 et
909 2012 999 2058 suam
1013 1993 1211 2070 memoriam,
1225 1993 1301 2056 lieet
1313 1991 1480 2068 irenaeum,

350 2095 579 2178 propagabant,
610 2097 642 2160 et
670 2095 835 2178 propositis
864 2114 1047 2180 magnorum
1076 2095 1214 2160 uirorum
1243 2093 1391 2177 exemplis
1419 2109 1515 2158 nonu

349 2215 446 2279 parua
460 2198 628 2264 aemulatio
642 2198 815 2284 legentibus
831 2199 1030 2265 excitabatur.
1054 2197 1107 2263 sed
1127 2200 1231 2263 umen
1250 2197 1330 2262 nibil
1351 2196 1391 2261 ad
1404 2195 1480 2261 bea·

322 2301 417 2365 eram
442 2297 531 2365 illam
557 2305 773 2384 aeternamque
796 2303 897 2367 uitam
911 2302 997 2385 {haec
1012 2317 1118 2366 eorum
1132 2319 1207 2366 cura
1220 2299 1379 2384 pertinuit.
1404 2297 1479 2381 quid

351 2403 434 2467 enim
459 2405 514 2468 aut
534 2405 610 2486 ipsis
636 2422 780 2470 occasura
806 2424 877 2469 cum
903 2404 1024 2469 saeculo
1039 2405 1224 2487 scriptorum
1239 2419 1364 2466 suorum
1379 2401 1480 2484 gloria

351 2503 490 2586 profuit?
512 2507 567 2570 aut
581 2506 656 2587 quid
671 2507 836 2588 posteritas
851 2507 1051 2572 emolumenti
1072 2506 1150 2571 tulit
1169 2505 1298 2590 legendo
1312 2504 1479 2569 Hectorem

351 2609 541 2690 pugnantem
567 2611 621 2673 sut
647 2607 792 2674 Socraten
819 2608 1108 2692 philosophantem?
1130 2628 1202 2673 oum
1222 2626 1272 2672 eos
1297 2626 1358 2671 non
1378 2606 1514 2671 solmnso

351 2709 470 2774 imitari
485 2711 622 2775 stultitia
637 2711 694 2789 sit,
710 2713 838 2777 sednon
853 2714 1001 2777 acermme
1015 2713 1110 2777 etiam
1124 2711 1295 2796 inpugnare
1306 2708 1478 2774 dementia:

351 2812 464 2896 quippe
479 2814 541 2895 {qui
566 2813 734 2879 humanam
756 2815 856 2880 uitam
882 2815 1093 2899 praesentibus
1108 2817 1231 2879 tantum
1247 2813 1368 2878 actibus
1382 2811 1478 2876 aesti-

322 2917 471 2980 smautes
486 2935 554 2998 spes
569 2936 640 2982 suas
655 2917 785 2995 fabulis,
801 2918 921 2983 animas
935 2919 1084 3002 sepulcris
1098 2917 1259 2982 dederint:
1270 2916 1423 2997 siquidem
1437 2914 1478 2980 ad

401 3171 419 3225 2
432 3171 520 3240 appoli
530 3171 555 3225 V
568 3175 580 3240 11
599 3173 738 3241 putaniA,
748 3177 872 3242 putaram
882 3173 973 3228 Vooclr
1019 3175 1038 3230 3
1050 3174 1137 3242 ipsum
1148 3173 1251 3227 Fcorr.
1262 3190 1295 3226 m.
1306 3176 1369 3226 2ac
1377 3171 1435 3241 ipso
1453 3173 1467 3239 11

349 3254 436 3309 decidi
445 3257 471 3310 B
483 3263 508 3310 ct
520 3257 625 3326 aliquot
634 3258 752 3313 Gieeliur'
764 3259 839 3314 libri:
852 3259 934 3314 didici
943 3260 1023 3327 AVo,
1035 3259 1140 3313 decroni
1149 3261 1181 3314 F
1185 3261 1217 3314 io
1229 3275 1282 3313 ras.
1296 3276 1328 3312 ar.
1343 3261 1364 3312 2
1378 3260 1391 3326 11
1406 3257 1478 3326 soly-

349 3339 439 3395 cismis
449 3342 480 3409 V,
490 3343 655 3397 soloecismos
668 3345 731 3399 dett.
783 3347 803 3402 4
815 3363 903 3400 rerum
916 3362 1040 3416 umquam
1053 3348 1079 3400 A
1099 3348 1112 3413 11
1130 3345 1192 3414 quit
1206 3345 1233 3399 V
1241 3351 1267 3398 et
1278 3347 1318 3400 sic
1329 3346 1402 3398 alius
1415 3347 1429 3412 11
1446 3358 1478 3398 ex

349 3425 392 3480 his
402 3444 449 3481 om.
461 3429 491 3483 F
495 3445 539 3498 pr.
553 3447 585 3484 m.
634 3433 653 3489 5
670 3430 842 3486 desuetudine
857 3433 896 3487 V:
908 3431 1092 3486 dissuetudine
1101 3431 1190 3500 ΑΓΘ,
1204 3430 1355 3486 desitudiue
1366 3431 1387 3484 2
1398 3428 1476 3484 codd„

354 3512 410 3566 Ges.
425 3520 478 3568 eto
535 3514 553 3570 7
565 3517 704 3585 subpresso
717 3519 748 3572 F
768 3521 780 3585 11
804 3517 899 3570 edatur
907 3535 956 3572 orn.
968 3519 999 3572 F
1002 3534 1045 3586 pr.
1056 3535 1103 3582 nu,
1121 3517 1200 3571 datur
1214 3519 1238 3570 V
1304 3515 1324 3572 8
1336 3515 1376 3584 et]
1384 3513 1477 3568 sutria

349 3599 438 3652 Proto
484 3599 502 3655 9
516 3603 660 3670 auctorem]
671 3603 837 3657 additumin
847 3604 882 3656 V:
893 3604 959 3657 Vale
969 3605 1052 3657 trater
1062 3601 1384 3665 inchristouenerebiris3
1394 3599 1475 3653 decus

350 3683 482 3738 bonorum.
496 3689 697 3757 sanctorumque
713 3689 837 3742 omnium.
858 3689 1098 3757 Sequaturdeiode
1110 3691 1141 3743 in
1157 3690 1191 3743 V:
1209 3688 1310 3756 Incipit
1320 3685 1478 3740 uitasaneti

348 3769 459 3824 martini
470 3769 586 3856 episcopi
598 3775 625 3826 et
637 3774 804 3840 confessuris,
817 3777 849 3828 ia
862 3775 893 3828 F
900 3776 1001 3844 leptim
1010 3783 1074 3844 post
1081 3776 1286 3844 praefationem
1298 3777 1370 3843 (esp.
1380 3774 1476 3839 ml:

348 3855 401 3909 Ino.
415 3857 473 3910 uita
486 3859 524 3911 sci
536 3874 567 3911 ao
577 3858 728 3913 beatissimi
740 3860 846 3930 patroni
858 3861 943 3914 nostri
954 3861 1067 3916 Martini
1079 3863 1195 3932 episcopi
1213 3864 1295 3930 atique
1306 3859 1475 3924 confessoris,

348 3941 380 3996 io
392 3943 419 3996 A
431 3945 522 3999 eodem
532 3946 596 3998 item
607 3946 675 4000 loco:
689 3947 741 3999 Ine.
753 3947 812 3999 uita
823 3930 862 4000 sci
873 3963 903 4000 ac
916 3945 1066 4001 beatissimi
1074 3948 1188 4002 Martini
1199 3945 1390 4016 archicpiscopi
1401 3948 1476 3998 turo-

349 4027 449 4082 niensis
520 4031 558 4088 10
574 4031 727 4085 mortalium
740 4032 823 4102 AFQ
845 4035 858 4100 11
880 4032 969 4086 studio
990 4037 1017 4086 et
1036 4033 1138 4103 gloriae
1155 4034 1199 4100 (F
1207 4033 1294 4103 gloria
1305 4037 1339 4086 ur
1348 4031 1475 4097 uidetur)

350 4115 479 4168 saeculari
491 4117 583 4171 AFV:
607 4117 695 4171 studio
706 4117 808 4186 gloriae
821 4120 964 4172 saecularis
977 4123 995 4172 3
1007 4120 1083 4173 cedd.
1101 4120 1185 4174 Grscl.
1204 4119 1336 4172 ‘Studium
1348 4119 1372 4171 la
1386 4118 1402 4171 l.
1416 4133 1477 4170 aaa

350 4199 475 4254 ardorem
487 4204 574 4256 animi
591 4210 616 4258 et
628 4203 806 4272 marium,
825 4205 873 4258 sed
884 4205 1039 4260 {inmortua
1051 4205 1272 4259 weredatioacm
1288 4201 1422 4273 desipuat’
1435 4201 1476 4256 de

349 4283 451 4338 Prato
505 4288 540 4344 11
559 4289 748 4356 quaesiuerunt
759 4290 831 4344 Aps„
884 4291 920 4346 12
938 4291 1056 4345 uirorum
1072 4291 1125 4346 Vs.
1139 4292 1155 4344 l.
1222 4290 1259 4346 13
1277 4288 1371 4358 utique
1382 4303 1432 4342 oua
1445 4287 1476 4342 A

403 4371 440 4427 14
458 4388 532 4426 suam
545 4375 643 4428 BMV:
663 4375 704 4428 sui
717 4375 815 4444 AFQv
869 4376 905 4432 17
923 4393 1013 4430 curam
1029 4377 1055 4432 V
1097 4376 1137 4432 20
1154 4379 1272 4430 socraten
1290 4376 1324 4427 V:
1343 4374 1476 4428 socratam

350 4457 422 4512 AFo
473 4459 511 4514 23
529 4460 631 4514 arriruas
643 4476 732 4515 suase
754 4462 766 4528 11
789 4461 919 4516 dederunt
930 4463 961 4517 F
979 4466 991 4528 ΙΙ
1013 4463 1042 4519 si
1055 4463 1086 4516 F
1093 4479 1162 4516 corr.
1176 4463 1251 4515 cSed
