3300 5142
348 521 391 584 94
761 514 908 583 Sulpicii
930 515 1045 569 Seueri

346 691 467 755 quoquo
480 671 520 737 sb
535 671 686 754 Hispanis
700 671 732 734 in
745 671 874 734 eandem
893 669 1054 752 perfidiam
1072 670 1255 735 mosminse
1273 671 1376 754 opinio
1389 670 1467 736 fnit:

346 775 428 857 quod
442 793 478 840 eo
492 775 606 838 mirum
621 777 714 854 atque
728 771 908 836 incredibile
921 772 1060 847 uidetur,
1092 773 1166 854 quis
1179 774 1263 838 omni
1277 774 1341 838 iere
1354 773 1469 838 uetitis

347 897 421 942 suae
432 879 569 959 tempore
580 875 848 940 constantissimus
858 877 1034 939 nostrarum
1043 875 1190 957 partium
1201 879 1235 939 ot
1245 875 1381 940 Nissens
1394 895 1468 959 uyn-

346 979 424 1044 odus
440 981 564 1044 auctore
584 976 639 1041 illo
659 975 797 1041 ooni'eotu
816 976 1005 1041 habebatur:
1020 977 1082 1042 nisi
1096 976 1260 1042 iutisomte
1273 981 1469 1044 aeuo-eto-

346 1083 412 1146 nim
427 1081 526 1146 meior
538 1079 710 1144 centenario
724 1079 801 1155 luit,
824 1082 862 1144 ut
879 1083 1005 1144 sanetus
1018 1079 1160 1144 Hilarius
1173 1080 1207 1144 iu
1219 1080 1359 1163 epistolis
1373 1079 1469 1146 refert
1490 1100 1507 1138 ε

316 1203 389 1256 s—
400 1183 594 1248 deliraueret.
617 1182 687 1264 quis
713 1181 802 1246 rebus
827 1181 1007 1264 perturbeto
1031 1181 1105 1246 orbo
1125 1185 1278 1246 terrarum
1303 1185 1337 1247 et
1361 1183 1469 1248 morbo

346 1285 479 1368 quodam
494 1284 629 1350 ecelesiis
644 1283 877 1368 languentibus,
899 1285 1022 1367 segnior
1034 1283 1174 1365 quidem,
1197 1285 1252 1348 ssd
1275 1304 1337 1350 non
1364 1285 1469 1350 minus

346 1388 452 1472 granis
477 1407 551 1452 oure
575 1387 743 1471 prinoipem
769 1387 944 1462 ereroebst,
987 1385 1068 1467 quod
1088 1385 1163 1450 lieet
1182 1386 1323 1464 Arriani,
1356 1387 1469 1469 quibus

347 1491 486 1566 fauebat,
509 1489 678 1574 superiores
699 1489 892 1565 uiderentur,
917 1488 1048 1553 noodum
1062 1491 1167 1552 tamen
1181 1487 1219 1553 rie
1232 1487 1293 1553 lide
1306 1489 1389 1554 inter
1401 1489 1469 1572 epi·

347 1613 452 1676 scopos
467 1593 651 1658 conueniret.
1479 1615 1508 1655 ιο

294 1701 333 1764 41
390 1695 491 1780 Igitur
515 1694 598 1778 apud
623 1694 814 1770 numinum,
838 1693 946 1758 urbem
967 1693 1091 1770 ltaliee,
1113 1693 1264 1778 synodum
1290 1695 1470 1778 oongrogari

346 1797 447 1863 iubet:
480 1797 572 1878 idque
587 1795 688 1862 Tauro
702 1795 858 1878 praelecto
872 1797 1020 1878 imperet,
1042 1799 1079 1861 ut
1092 1796 1236 1862 oollootos
1249 1797 1283 1860 in
1297 1815 1394 1862 onum
1407 1813 1471 1863 non

346 1901 418 1964 anto
437 1899 625 1975 dimitteret,
648 1917 741 1980 quam
769 1899 802 1964 in
830 1918 925 1963 unam
953 1897 1046 1963 iidem
1074 1899 1295 1976 consentirent,
1318 1899 1470 1982 promisso

316 2001 446 2067 aeidem
461 2000 637 2079 consulatu,
660 2001 686 2066 si
701 2019 766 2066 rem
782 2000 905 2066 elleotui
919 2001 1107 2067 tradidisset.
1141 2002 1188 2066 ita
1200 2000 1305 2066 missis
1319 2019 1374 2083 per
1389 2001 1469 2084 llly-

346 2105 459 2181 rioum,
482 2103 623 2180 Italiam,
646 2102 801 2182 Africam,
818 2103 985 2186 Hispanias
999 2102 1178 2186 Galliasque
1190 2104 1335 2187 magistri
1349 2103 1507 2170 sileio-1⁵

346 2207 442 2284 libm,
465 2205 556 2272 aeoiti
578 2207 633 2271 eut
655 2207 753 2271 ooeeti
774 2205 991 2290 quadringenti
1013 2209 1045 2270 et
1066 2205 1224 2288 eliquanto
1238 2206 1372 2289 amplius
1386 2205 1470 2272 ooei·

345 2309 483 2376 dentales
498 2309 631 2392 episcopi
657 2309 834 2374 Ariminum
855 2308 1031 2374 oonuenire:
1053 2307 1164 2390 quibus
1178 2308 1321 2374 omnibns
1334 2327 1471 2374 amenas

315 2417 378 2484 set
393 2411 517 2478 sellaria
531 2411 598 2476 deri
613 2411 780 2494 imperator
794 2413 998 2494 praeceperat.
1015 2410 1069 2476 sed
1079 2411 1113 2475 id
1122 2412 1246 2488 nostris,
1261 2410 1295 2474 id
1309 2413 1357 2476 est
1367 2411 1469 2494 Aqui-

346 2515 443 2590 tenis,
468 2512 568 2578 Gallis
583 2531 619 2578 eo
633 2513 806 2590 Britannis,
829 2512 972 2578 indecens
986 2513 1105 2578 meum:
1127 2512 1298 2596 repudietis
1312 2512 1470 2578 lisoalibus

345 2615 476 2702 propriis
492 2633 562 2680 oum
577 2615 753 2698 sumptibus
767 2615 873 2680 uiuere
886 2615 1071 2680 maluerunt.
1094 2617 1158 2680 tres
1184 2618 1311 2680 tantum
1335 2635 1373 2680 eu
1396 2616 1508 2682 Bri-so

345 2719 452 2784 tennis
473 2717 576 2800 inopie
589 2717 705 2800 proprii
726 2717 849 2800 publioo
871 2718 920 2783 usi
941 2719 1028 2795 sunt,
1062 2737 1134 2784 enm
1162 2717 1299 2783 oblstum
1320 2737 1340 2784 e
1360 2719 1472 2784 oeteris

346 2821 540 2886 collationem
554 2820 756 2902 respuissent,
779 2820 916 2886 sanetius
935 2822 1081 2904 putantes
1101 2820 1210 2886 fisoom
1231 2841 1362 2905 greuaro
1376 2841 1472 2903 quam

316 2923 491 3008 esingulos.
515 2921 571 2988 hoe
593 2940 648 3005 ego
663 2919 832 2987 Geuidium
848 2923 1024 3006 episeopum
1037 2924 1178 2989 noetmm
1192 2924 1281 3005 qussi
1295 2924 1471 2990 obtrectan-

346 3029 410 3092 tem
425 3024 537 3090 reierre
551 3023 678 3090 solitum
693 3024 813 3100 audiui,
837 3025 891 3090 sed
916 3025 1006 3110 longe
1034 3025 1126 3090 aliter
1150 3026 1299 3091 senserim
1324 3027 1471 3110 laudique

346 3128 498 3205 attribuo,
522 3125 678 3210 episoopos
704 3127 770 3191 tam
784 3145 933 3211 pauperes
958 3127 1069 3206 fouisse,
1097 3128 1227 3193 utnihil
1240 3131 1398 3212 proprium
1412 3129 1506 3196 lis-ss

346 3231 453 3296 herent
466 3247 564 3310 neque
578 3228 617 3294 eb
632 3227 702 3294 eliis
716 3229 819 3311 potius
834 3249 928 3313 quem
943 3229 1048 3296 eliseo
1063 3232 1228 3308 sumerent,
1243 3232 1298 3296 ubi
1314 3233 1470 3298 nominem

344 3331 533 3418 greuebant:
556 3330 601 3396 ita
616 3330 649 3394 in
662 3331 801 3413 utrisque
816 3334 975 3418 egregium
990 3334 1172 3415 exemplum.
1196 3335 1235 3402 de
1249 3333 1375 3416 reliquis
1389 3334 1470 3400 nihil

399 3517 416 3576 5
435 3516 518 3570 uerbo
530 3517 560 3570 ut
572 3517 596 3570 S.
611 3515 665 3570 llil
680 3516 707 3570 in
719 3515 795 3586 epist
808 3518 890 3571 refert
902 3518 1032 3587 Sigonius
1039 3536 1093 3588 pro
1103 3520 1259 3590 glossenmte
1275 3520 1380 3587 Most,
1397 3520 1471 3589 puori

350 3603 467 3658 Seuerus
476 3619 624 3672 nonogenes
633 3603 703 3656 elios
712 3603 829 3671 eliquoem
840 3605 949 3658 sonaim
960 3606 1051 3660 saneti
1063 3607 1243 3672 ooomieosset5
1256 3605 1330 3660 loeis
1342 3607 1385 3674 11,
1394 3609 1440 3674 36,
1454 3611 1470 3660 1

349 3687 475 3742 diuersus
486 3693 524 3740 esi
577 3685 767 3743 6dolireueret
779 3689 817 3742 P:
835 3688 1019 3744 deliraneritb
1039 3693 1052 3758 ΙΙ
1072 3690 1167 3759 quibus
1179 3689 1284 3745 reboet
1348 3692 1385 3751 15
1397 3691 1469 3746 silui·

349 3789 406 3828 eom
425 3773 451 3828 P
473 3775 484 3840 ΙΙ
507 3771 630 3842 magistri
651 3772 689 3836 P,
707 3778 740 3828 ot
760 3773 828 3828 eoei.
847 3773 1094 3843 Gettofredue(oci
1113 3776 1170 3832 eorl.
1193 3775 1330 3844 ulmoJ,
1352 3781 1396 3845 10,
1417 3779 1469 3845 3).-

349 3858 487 3928 msgistris
505 3859 520 3912 b
530 3879 540 3925 ;
558 3859 592 3924 cf.
615 3857 680 3912 dial.
703 3861 729 3926 3,
742 3863 774 3912 11
786 3865 811 3912 et
831 3860 889 3913 Ha.
910 3862 1008 3931 fragm.
1022 3865 1047 3928 1,
1060 3866 1087 3928 4,
1104 3863 1154 3916 oti
1164 3861 1198 3916 de
1209 3863 1261 3916 loeo
1272 3862 1334 3930 ipsa
1345 3878 1376 3917 re
1386 3862 1468 3918 dicit:

345 3943 474 3998 oilloielos
486 3943 610 4014 magistri
630 3943 746 3998 uolitsnt
799 3945 836 4000 16
853 3948 902 3998 aut
922 3945 1008 3999 consti
1030 3947 1173 4017 Sigonius:
1192 3948 1240 4000 aut
1259 3947 1343 4001 muoti
1361 3947 1400 4012 P,
1419 3949 1469 4002 sut

348 4031 430 4085 etiem
451 4029 534 4084 eoseti
560 4029 712 4093 Giseliuus,
740 4033 787 4084 sut
807 4029 897 4084 sdeoti
916 4031 1045 4100 Bermys
1064 4037 1119 4086 sot.
1138 4035 1176 4088 38
1237 4031 1273 4088 17
1291 4033 1468 4088 oonuoueret

402 4115 437 4172 18
455 4115 517 4170 dere
534 4115 572 4178 P,
592 4131 637 4169 eon
658 4115 787 4185 &genios
809 4117 822 4183 ΙΙ
844 4115 873 4170 id
893 4117 1128 4170 est-Britannis
1149 4117 1279 4186 &posim
1295 4133 1349 4185 pro
1368 4117 1467 4187 plom-

349 4207 420 4256 more
431 4201 534 4268 mouit,
553 4207 583 4255 ot
603 4207 675 4256 reete
693 4201 799 4255 senuit
818 4200 853 4254 de
874 4203 963 4257 Proto
973 4203 1073 4256 nostrie
1084 4203 1128 4257 itio
1139 4217 1197 4256 sos
1207 4202 1363 4272 signifiom'
1374 4203 1467 4258 outte-

348 4287 428 4353 linos,
440 4285 743 4354 suessionensium
757 4287 791 4352 es.
805 4287 1005 4356 Bersuysm
1055 4288 1095 4346 20
1106 4303 1166 4342 oum
1177 4289 1215 4342 P:
1227 4289 1306 4342 osee
1361 4289 1399 4347 25
1410 4287 1468 4357 epi·

349 4369 464 4440 soepisb
533 4371 571 4428 26
589 4371 655 4425 eP:
673 4371 751 4426 emb
775 4373 786 4438 Η
810 4387 912 4426 sumere
929 4374 1045 4428 uoluisse
1054 4375 1183 4443 Borma
1245 4373 1283 4430 27
1301 4373 1468 4442 mutuisque

351 4457 483 4512 Drusum
504 4457 530 4510 in
543 4455 680 4525 utriusqus
693 4457 719 4512 P
723 4477 733 4524 ;
751 4458 915 4512 sententioso
926 4465 997 4516 reete
1004 4465 1206 4528 perspexerunt
1217 4459 1384 4526 Heliseister
1395 4465 1422 4516 et
1432 4459 1469 4514 de
