3300 5142
335 519 397 584 fiij
752 516 899 584 ulpici}
914 517 1030 568 Seueri

338 673 453 754 muti
481 673 541 736 fide
567 673 599 736 id
624 673 761 736 retinere.
785 671 973 754 premeruit:
993 671 1045 732 ci
1069 670 1149 734 inter
1170 671 1273 734 rstica
1297 671 1459 753 otnloqnia

338 779 543 862 recusanti.
565 797 620 842 cur
645 778 782 841 homines
809 788 967 856 usucapere
990 777 1121 841 uitaret.
1141 776 1333 856 resp-:nume
1354 776 1459 856 pcrti-

304 889 323 944 t
336 881 440 949 truse.
463 901 551 947 eum.
573 881 626 962 qni
649 881 688 944 ab
708 879 882 943 hominibus
897 878 1154 959 frequentarem.
1175 896 1235 941 nen
1249 896 1337 959 prome
1349 878 1389 940 ab
1401 897 1458 942 an-

333 985 412 1066 gelis
435 983 629 1066 frequentari
653 985 732 1048 unde
752 1002 811 1047 non
831 983 975 1046 inmerito
994 993 1116 1062 recepta
1133 982 1275 1061 opinions
1286 981 1459 1046 multorum

304 1087 416 1152 diarria
433 1087 634 1170 uulgaucrst.
657 1098 796 1150 sanctum
812 1086 902 1148 illurn
923 1085 963 1148 ab
984 1085 1103 1167 angelis
1117 1084 1249 1147 uisitari
1275 1102 1335 1166 ego
1352 1094 1457 1148 autem
1480 1113 1495 1151 s

332 1189 440 1258 assa
461 1202 564 1254 mesum
578 1189 733 1272 digressus
753 1189 792 1254 ad
812 1189 922 1252 Nilum
942 1187 1057 1251 flumen
1075 1206 1246 1269 regrum,
1268 1188 1357 1250 mins
1375 1187 1459 1268 ripas

334 1291 542 1374 {respuentibus
558 1293 749 1356 monasteriis
764 1304 919 1356 mneertss
934 1302 1063 1371 umarus
1075 1309 1113 1353 cr
1126 1302 1214 1371 parm
1227 1290 1370 1354 lustraui.
1390 1290 1458 1371 ple-

334 1413 465 1476 rumque
488 1395 572 1470 uidi,
596 1402 631 1458 nt
645 1395 760 1458 dudum
776 1395 930 1459 dixeram.
952 1412 1012 1456 uno
1026 1394 1058 1456 in
1072 1393 1139 1456 leco
1153 1393 1293 1456 habitare
1306 1400 1458 1470 cmtenos,

306 1512 323 1568 t
334 1499 388 1564 sed
411 1504 443 1562 et
469 1497 540 1562 bins
560 1501 592 1562 ct
610 1506 696 1562 terna
718 1497 806 1562 milia
820 1497 854 1561 in
868 1497 965 1560 isdem
981 1496 1093 1559 uicnlis
1107 1515 1198 1577 agere
1211 1496 1381 1559 constabat
1402 1515 1459 1560 nec

334 1619 406 1666 scarie
421 1601 464 1664 ibi
480 1601 629 1666 minorem
644 1601 760 1683 putetis
775 1600 1000 1664 diuersantium
1019 1600 1052 1662 in
1072 1599 1274 1662 multitudine
1292 1599 1496 1666 monacho-so

333 1723 402 1770 rum
417 1721 482 1768 csse
497 1703 660 1778 uirtutem,
683 1721 775 1784 quam
789 1721 895 1766 eorum
909 1721 974 1765 esse
987 1702 1190 1784 cognonistis
1211 1703 1267 1782 qni
1286 1721 1319 1765 se
1337 1702 1378 1765 ab
1397 1703 1458 1766 hn-

305 1806 433 1880 smanis
448 1805 585 1870 ustinus
600 1809 804 1870 remonerunt.
828 1805 1008 1888 praecipua.
1030 1805 1144 1870 utiam
1157 1806 1311 1879 dixeram,
1332 1805 1378 1868 ibi
1391 1805 1458 1869 nir-

335 1912 387 1973 tus
403 1913 434 1972 et
448 1908 548 1990 prima
560 1913 607 1972 eet
619 1908 829 1973 oboedientia:
851 1927 949 1989 neque
962 1908 1055 1972 aliter
1067 1908 1233 1972 adueniens
1247 1909 1459 1972 amonastcrii

335 2011 447 2078 sbtratc
461 2011 643 2093 suscipitur,
665 2029 758 2092 qnam
773 2011 827 2092 qui
841 2013 1011 2092 temptatus
1030 2011 1117 2092 prius
1135 2009 1231 2075 inerit
1249 2012 1282 2073 et
1300 2010 1458 2091 probatus,

335 2111 457 2178 nullum
479 2132 625 2194 umquam
649 2115 842 2178 recusaturus
861 2113 1032 2195 quamlibet
1050 2114 1181 2178 arduum
1199 2132 1237 2177 ac
1259 2112 1388 2179 difficile
1408 2117 1497 2180 in-1s

336 2215 525 2300 dignumque
540 2214 672 2280 toleratu
687 2215 809 2280 abbatis
825 2216 998 2298 imperium.

287 2327 326 2392 ts
379 2319 448 2384 Duo
472 2317 561 2382 uobis
582 2317 712 2384 reseram
741 2318 928 2382 incredibilis
942 2319 1150 2383 oboedientiae
1162 2321 1330 2386 admodum
1343 2341 1460 2405 magns

337 2421 501 2498 miracula,
524 2420 598 2486 licet
612 2420 776 2502 suppetant
790 2420 881 2502 plura
894 2421 1053 2484 recolenti:
1068 2422 1121 2484 aed
1134 2421 1175 2486 ad
1188 2423 1378 2489 incitandam
1391 2425 1460 2490 nir·

336 2525 442 2588 tutum
463 2522 714 2598 aemulationem,
736 2521 787 2587 cui
806 2541 904 2604 penca
921 2540 982 2587 non
1002 2522 1177 2602 sufficiunt,
1199 2526 1301 2590 multa
1313 2543 1374 2591 non
1387 2545 1459 2608 pro-

308 2625 456 2692 tderumt.
480 2642 552 2708 ergo
567 2643 636 2688 cum
652 2625 778 2706 quidam
794 2624 907 2690 saeculi
927 2624 1048 2690 estibus
1067 2627 1218 2692 abdicatis
1236 2630 1498 2695 monacum»

336 2745 467 2812 magnae
503 2727 711 2810 dispositionis
742 2725 897 2810 ingressus
929 2727 1044 2811 suscipi
1073 2747 1106 2792 so
1136 2731 1277 2813 rogaret,
1310 2732 1405 2798 abbas
1429 2734 1460 2797 ei

337 2830 436 2914 coepit
461 2829 561 2894 multa
580 2847 760 2913 proponere:
783 2848 893 2914 graues
918 2849 984 2895 osse
1008 2831 1099 2895 istius
1125 2833 1305 2914 disciplinae
1328 2836 1458 2915 labores,

337 2951 394 2998 sua
408 2949 479 2999 uero
494 2933 571 2998 dura
593 2931 737 3015 imperia,
760 2951 838 3015 quae
864 2933 980 2998 nullius
1004 2933 1097 2998 facile
1122 2935 1238 3001 ualeret
1263 2937 1379 3019 inplere
1403 2935 1462 3021 pal

337 3033 462 3100 tientia:
485 3033 571 3100 aliud
585 3033 688 3118 potins
702 3035 938 3114 monasterium,
961 3036 1016 3100 ubi
1031 3035 1221 3102 facilioribus
1234 3038 1357 3124 legibus
1370 3042 1460 3105 niue-

338 3139 435 3216 retur,
451 3139 619 3218 expulerat:
634 3153 694 3202 non
709 3138 875 3218 temptaret
888 3139 1032 3222 adgredi,
1047 3141 1129 3220 quod
1142 3140 1259 3224 inploro
1272 3161 1333 3208 non
1347 3146 1458 3226 posset.
1468 3165 1496 3204 sc

309 3239 391 3305 uilla
417 3257 487 3306 uero
511 3239 591 3306 nihil
615 3239 664 3304 his
689 3239 856 3306 temonibus
875 3241 1062 3322 permoneri,
1084 3243 1138 3306 sed
1161 3244 1263 3328 magis
1277 3245 1324 3310 ita
1337 3262 1461 3312 omnem

337 3341 560 3408 oboedientiam
575 3341 726 3426 polliceri,
754 3345 805 3422 ut,
828 3343 855 3406 si
879 3361 950 3408 eum
975 3344 1070 3408 abbas
1095 3345 1128 3409 in
1153 3345 1257 3430 ignem
1276 3347 1322 3412 ire
1341 3350 1461 3431 praeci-

338 3445 437 3528 peret,
460 3461 520 3510 non
533 3447 685 3510 recusaret
706 3444 830 3510 intrare.
851 3463 944 3528 quem
959 3445 1043 3510 illius
1058 3446 1275 3529 professionem
1289 3450 1343 3515 ubi
1357 3452 1461 3535 magi-

309 3548 401 3612 lster
426 3545 557 3630 accepit,
579 3565 640 3612 non
665 3549 825 3613 cunctatus
851 3547 979 3630 probare
999 3547 1199 3631 profitentem.
1223 3569 1296 3617 casu
1321 3553 1461 3619 clibanus

389 3783 650 3854 apercunerunriu'
698 3785 870 3854 disgressus
880 3787 1038 3841 ABFMV:
1057 3803 1192 3857 regressus
1204 3806 1264 3845 sum
1279 3791 1318 3860 Qu
1395 3793 1414 3850 9
1431 3794 1462 3850 in

337 3885 386 3928 one.
408 3869 434 3926 V
453 3871 466 3937 ΙΙ
488 3869 571 3924 isdem
592 3869 633 3925 F:
663 3869 765 3926 hisdem
787 3871 854 3938 AV,
873 3871 967 3925 iisdem
987 3890 1004 3928 c
1026 3875 1038 3941 ΙΙ
1061 3889 1139 3943 agere
1158 3875 1310 3945 ABFQV:
1329 3879 1462 3949 degeres

391 3955 429 4013 10
446 3955 643 4010 dcucrssntium
660 3957 685 4008 V
704 3959 716 4024 ΙΙ
739 3956 767 4009 in
788 3956 819 4010 in
839 3956 995 4012 Acraeam
1014 3965 1053 4012 est
1132 3961 1167 4016 11
1186 3964 1349 4032 cognouistis
1371 3965 1460 4021 Roew.

338 4047 363 4098 et
389 4041 424 4096 V:
444 4041 685 4112 cognosciturus
739 4041 775 4098 13
793 4043 977 4096 amonastcrii
994 4043 1091 4098 abbate
1101 4046 1203 4103 BMV:
1222 4049 1256 4102 ad
1269 4053 1463 4108 monasterinm

338 4126 444 4184 abbatis
471 4127 541 4182 Aio
604 4129 639 4186 15
661 4127 797 4195 quaelibet
822 4126 849 4181 V
899 4127 935 4184 18
953 4129 1114 4188 incitandsru
1141 4133 1176 4187 V:
1204 4135 1369 4190 excitandam
1390 4138 1463 4194 Are

389 4213 426 4270 21
447 4211 580 4282 ingressus
601 4213 699 4281 suscipi
720 4229 747 4266 se
768 4215 875 4282 rogaret
887 4215 950 4268 BM
954 4215 991 4269 V:
1010 4215 1145 4284 ingressus
1157 4221 1287 4288 coepisset
1306 4239 1398 4291 rogarc
1407 4225 1464 4293 Fe

338 4299 374 4370 (et
390 4299 429 4354 sic
443 4315 470 4366 υ,
489 4298 535 4352 sert
548 4298 739 4366 ingressurus),
758 4297 927 4368 ingressurus
939 4301 1069 4369 coepisset
1088 4319 1181 4372 rogare
1198 4309 1229 4358 ut
1246 4308 1423 4376 susciperetur
1434 4312 1464 4364 A

390 4383 599 4454 lbpcrmouiV
648 4383 1039 4454 suprascripsimus
1055 4388 1081 4442 V
1140 4389 1178 4446 29
1201 4395 1340 4447 cunctatus
1351 4395 1462 4450 Amr.-

336 4473 477 4526 cmctutus
490 4471 531 4524 est
547 4469 594 4534 M,
612 4471 752 4524 cunctatur
764 4469 794 4526 F
802 4485 872 4526 corr.
885 4475 939 4524 etv
