3300 5142
687 541 792 609 Epist.
815 541 837 594 1.
1259 542 1321 606 221

202 699 271 756 tuus
284 698 315 756 in
329 699 407 757 terra
420 716 477 758 non
491 700 557 772 fuit,
572 701 676 759 Petrus
689 701 795 771 tacuit,
811 701 919 759 Paulus
933 699 1025 759 noluit
1040 700 1209 772 praedicare,
1226 700 1322 758 suana

201 801 306 874 gelista
324 819 381 860 non
401 803 504 861 docuit.
536 806 675 877 martyres
697 821 753 861 non
772 802 889 862 fuerunt
909 819 1027 876 quorum
1042 803 1170 876 exempla
1191 819 1321 876 sequere-

201 920 278 962 mur:
294 903 423 962 futurum
438 905 573 964 iudicium
587 908 669 964 tunm
684 923 765 964 nemo
780 905 935 979 praedixit,
952 906 1058 964 uestita
1073 921 1224 978 pauperem
1239 921 1321 964 nemo

199 1006 361 1079 mandauit,
385 1008 533 1081 probibere
547 1009 694 1068 libidinem
713 1026 794 1068 nemo
814 1008 975 1082 praecepit,
1005 1007 1157 1083 repugnari
1181 1006 1320 1066 auaritiae

178 1119 280 1168 enemo
294 1111 450 1182 persuasit:
466 1111 617 1171 inscientia
630 1112 705 1186 lapsi
720 1128 832 1184 sumas,
855 1127 928 1185 quae
943 1111 1061 1170 fecimus
1075 1094 1254 1170 nescientes’.

241 1211 296 1271 His
323 1231 339 1272 e
366 1214 506 1273 contrario
527 1231 561 1273 ex
580 1215 632 1274 illo
654 1217 816 1274 sanctorum
835 1215 918 1273 choro
939 1215 986 1273 uel
1012 1215 1121 1288 primus
1142 1215 1203 1273 Noe
1225 1213 1349 1271 iustus4

198 1315 399 1388 proclamabit:
422 1304 507 1391 ‘ilgo‚
523 1318 655 1390 Domine,
671 1319 700 1377 et
715 1320 952 1390 superacutarum
965 1319 1081 1390 propter
1096 1317 1211 1389 peccata
1226 1315 1319 1374 homi·

197 1435 265 1476 num
280 1418 420 1478 diluuium
435 1420 612 1492 praedicam,
635 1423 664 1480 et
683 1423 748 1494 post
762 1420 903 1479 diluuium
918 1419 1076 1492 exemplum
1091 1421 1126 1478 de
1140 1435 1184 1477 me
1199 1417 1318 1491 praebui

194 1519 293 1592 bonis,
316 1539 379 1580 cum
400 1523 484 1581 malis
498 1524 682 1596 pereuntibus
697 1541 753 1582 non
768 1523 905 1597 perirem,
925 1525 959 1581 ut
985 1521 1034 1581 isti
1060 1523 1259 1595 cognoscerent
1290 1524 1318 1579 et

160 1638 268 1697 requae
282 1627 356 1684 esset
370 1625 567 1686 innocentibus
582 1627 660 1686 salus
679 1630 708 1685 et
730 1643 803 1701 quae
816 1643 908 1699 poena
922 1610 1123 1699 peccantibus'
1146 1627 1215 1683 Post
1241 1624 1317 1686 huno

193 1725 337 1785 Abraham
352 1727 445 1787 fidelis
459 1729 586 1788 obsistet.
608 1718 690 1804 ‘Ego'
705 1731 801 1804 inquit
821 1717 966 1800 ‘Domina
989 1728 1072 1787 fidem
1087 1743 1144 1803 qua
1158 1728 1313 1785 humanum

193 1827 223 1886 in
238 1830 268 1887 te
282 1831 406 1888 crederet
420 1848 510 1905 genus
526 1831 619 1891 media
633 1832 692 1892 fere
707 1833 804 1891 mundi
819 1832 899 1892 illius
911 1833 1004 1890 aetate
1019 1829 1152 1889 laudaui:
1169 1846 1220 1903 ego
1234 1831 1316 1901 pater

192 1931 335 2005 gentium,
357 1933 439 1992 cuius
453 1934 581 2007 exempla
595 1937 794 2009 sequerentur,
817 1937 923 1994 electus
939 1952 1017 1994 sum:
1051 1951 1102 2009 ego
1123 1935 1203 1991 Isaac
1225 1931 1317 1991 adhuc

192 2035 344 2108 paruulum
365 2054 421 2096 nou
448 2037 593 2110 dubitaui,
615 2038 750 2110 Domine,
773 2039 873 2098 offerre
894 2039 948 2096 tibi
973 2055 1023 2112 pro
1047 2037 1178 2108 uictima,
1202 2039 1236 2094 ut
1263 2035 1313 2095 isti

156 2153 182 2194 ns
191 2142 419 2213 recognoscerent
433 2140 507 2199 nihil
521 2157 577 2199 non
591 2142 710 2200 Domino
724 2143 864 2215 praestari
879 2143 992 2214 debere,
1016 2158 1079 2200 cum
1100 2157 1143 2198 me
1163 2140 1257 2213 ipsum
1277 2158 1313 2201 ne
1336 2182 1341 2198 ,

189 2241 249 2300 filio
263 2241 376 2316 quidem
390 2243 473 2301 unico
488 2242 688 2318 intellegerent
702 2245 878 2318 pepercisse:
900 2261 951 2318 ego
966 2247 1071 2302 terram
1086 2259 1178 2302 meam
1199 2247 1228 2301 et
1244 2259 1313 2317 cog-

189 2345 332 2404 nationem
352 2361 443 2404 meam
457 2348 501 2417 te,
524 2347 658 2420 Domino,
681 2348 796 2407 iubente
817 2347 943 2419 deserui,
966 2349 999 2405 ut
1020 2347 1085 2404 istis
1105 2362 1216 2420 quoque
1236 2349 1311 2404 esset

188 2449 346 2520 exemplum
361 2448 504 2523 nequitias
518 2451 617 2509 mundi
632 2453 661 2509 et
675 2451 781 2510 saeculi
795 2453 911 2523 peccate
925 2451 1066 2508 deserere:
1090 2466 1158 2522 ego,
1181 2449 1309 2522 Domine,
1431 2443 1433 2448 ’

187 2551 217 2608 te
242 2550 310 2609 licet
331 2567 463 2624 corporea
482 2553 536 2611 sub
557 2553 680 2627 imagine
700 2554 809 2626 primns
830 2554 950 2628 agnoui,
974 2569 1026 2612 nec
1044 2552 1175 2611 dubitaui
1198 2552 1310 2610 credere

153 2665 271 2727 ecquem
285 2653 430 2726 ridebam,
446 2654 514 2713 licet
528 2655 559 2714 in
574 2657 632 2714 alia
645 2657 716 2715 mibi
731 2657 893 2716 substantia
907 2657 1058 2727 uidereris,
1082 2657 1116 2714 ut
1130 2655 1180 2713 isti
1195 2654 1310 2713 intelle-

187 2759 285 2829 gerent
299 2773 356 2815 non
371 2758 523 2816 meandum
537 2776 663 2831 carnem,
685 2761 734 2818 sod
748 2762 901 2818 secundum
916 2760 1049 2832 spiritum
1065 2741 1209 2816 iudicare'.
1233 2756 1310 2814 Huic

186 2857 297 2932 lloyses
315 2860 416 2918 beatus
437 2861 652 2921 obsecundabit:
674 2849 746 2937 ‘Ego
767 2864 876 2938 legem,
899 2864 1032 2934 Domine,
1056 2861 1121 2920 istis
1135 2860 1266 2919 omnibus
1281 2862 1310 2918 te

186 2962 300 3021 iubente
322 2963 445 3035 tradidi,
467 2967 501 3023 nt
523 2982 593 3038 quos
615 2966 705 3024 libera
726 2965 796 3024 fides
817 2983 873 3024 non
889 2966 1020 3034 tenebat,
1043 2964 1089 3022 lex
1110 2963 1207 3021 saltim
1231 2961 1309 3021 dicta

187 3065 344 3125 cohiberet:
367 3083 418 3140 ego
433 3066 492 3125 diui
506 3059 584 3128 ‘non
605 3055 860 3141 adulterabis',
883 3070 916 3126 ut
941 3067 1085 3126 licentiam
1111 3065 1307 3125 fornicationis

150 3167 354 3230 aeinbiberem:
396 3186 447 3243 ego
476 3171 535 3229 dixi
566 3159 717 3246 ‘diliges
750 3172 952 3244 proximum
982 3153 1102 3240 tunm'‚
1138 3171 1172 3226 ut
1200 3167 1305 3226 caritas

186 3271 356 3330 abundaret:
380 3290 432 3346 ogo
447 3273 506 3332 dixi
523 3261 683 3334 ‘Domino
705 3275 774 3334 soli
796 3257 965 3346 seruies,
987 3289 1023 3331 ne
1042 3272 1093 3330 isti
1108 3271 1192 3330 idolis
1207 3271 1307 3328 immo·

185 3373 279 3431 larent
292 3375 339 3433 uel
359 3377 467 3448 templa
486 3393 547 3436 esse
566 3380 740 3451 paterentur.
763 3395 814 3453 ego
829 3395 864 3437 ne
880 3377 954 3436 falsa
968 3375 1131 3436 testimonia
1145 3374 1307 3432 dicerentur

185 3476 275 3548 odiri,
297 3479 330 3535 nt
344 3479 409 3537 istis
424 3481 560 3538 aduersus
574 3498 655 3540 omne
670 3483 846 3540 mendacium
856 3481 1065 3555 praecluderem
1081 3495 1138 3537 ora.
1162 3495 1213 3552 ego
1228 3477 1305 3536 facta

183 3578 315 3653 dictaque
329 3598 347 3639 a
361 3582 459 3640 mnndi
473 3584 602 3656 exordio,
626 3587 759 3656 operante
779 3584 810 3643 in
830 3601 873 3642 me
894 3585 998 3657 spiritu
1017 3585 1083 3641 tuae
1099 3581 1231 3652 uirtutis,
1255 3597 1304 3639 ex-

148 3704 174 3746 ac
183 3682 278 3755 posui,
301 3685 335 3741 nt
349 3683 414 3744 istis
429 3686 552 3759 cognitio
571 3687 788 3760 praeteritorum
809 3687 966 3746 doctrinam
979 3686 1118 3745 tribueret
1131 3684 1302 3742 futurorum.

183 3801 234 3858 ego
248 3787 277 3844 te
291 3790 460 3861 uenturum,
483 3789 601 3848 Domine
616 3792 694 3863 Iesu,
716 3790 893 3864 praedicam,
916 3791 950 3847 ut
969 3789 1034 3848 istis
1054 3806 1110 3847 non
1125 3787 1301 3860 inopinatum

182 3890 256 3946 esset
270 3907 420 3963 agnoscere
435 3909 518 3966 quem
532 3896 683 3956 uenturum
698 3895 765 3952 ante
779 3876 992 3966 praedixeram’.

195 4073 198 4077 ’
282 4073 321 4130 24
337 4073 416 4129 Exed.
436 4077 484 4140 20,
504 4079 548 4135 14.
602 4078 640 4137 25
657 4077 745 4131 Leuit.
766 4075 811 4140 19,
832 4076 875 4134 18.
930 4072 1203 4138 beneolacem.

216 4244 475 4314 lenangelisticab
525 4250 625 4316 41‘ort.
645 4249 766 4305 cohibere
817 4253 944 4312 bsumus
961 4249 995 4305 0:
1015 4246 1124 4301 suumb
1177 4243 1300 4301 binetus

179 4333 268 4390 Noeb
320 4337 416 4394 ecum
436 4353 498 4390 ace:
516 4339 547 4390 ut
573 4337 609 4392 Ob
640 4340 652 4406 ΙΙ
682 4338 833 4406 perirentb
888 4339 922 4393 11
942 4337 1035 4389 baalim
1054 4333 1169 4387 obsistet
1190 4328 1298 4399 et‘ego’

179 4423 283 4492 inquiet
347 4426 383 4481 17
402 4424 595 4480 domineom.b
660 4425 696 4482 19
715 4426 962 4494 corporeaccripct:
981 4439 1085 4491 corpore
1103 4421 1139 4480 Ob
1191 4420 1229 4477 23
1248 4419 1301 4472 sal·

178 4514 261 4568 ternb
319 4517 357 4574 24
370 4519 499 4574 cohibitet
516 4522 531 4574 b
