3300 5142
336 535 401 600 208
750 531 898 602 Sulpioii
916 531 1032 588 Seueri

337 687 589 771 quis—utimur
611 687 695 753 euim
720 705 811 753 uersu
837 687 1032 766 schomrim,
1065 685 1137 770 qaia
1160 683 1241 750 inter
1265 679 1458 748 eubolustiooe

336 789 564 856 fabulamur—-

421 894 697 978 captiuamque
718 912 822 960 ouem
843 892 1078 960 mirantibus
1099 891 1241 957 intulit
1261 886 1387 972 Argis.

307 1007 406 1062 tuere
420 995 536 1062 Christi
550 995 610 1061 iste
623 997 807 1079 discipulus,
829 999 985 1082 gestarum
1000 1015 1019 1061 a
1033 995 1191 1062 Saluatore
1203 993 1367 1069 uirtutum,
1383 1007 1456 1072 qma

334 1100 368 1165 iu
382 1100 556 1181 exemplum
569 1100 684 1165 sanetis
700 1100 765 1165 suis
779 1100 893 1179 edidit,
909 1100 1088 1178 aemulator,
1105 1097 1263 1184 Christum
1276 1097 1309 1161 iu
1324 1111 1356 1158 se
1369 1111 1456 1158 mon·
1478 1111 1493 1153 s

334 1203 453 1267 strabat
476 1203 667 1285 operantem,
690 1203 743 1286 qui
770 1205 912 1270 sanetum
937 1221 1028 1268 enum
1051 1217 1265 1284 usquequaque
1284 1197 1457 1284 glorifieans

306 1304 526 1376 odiuersarom
539 1324 667 1371 munera
680 1306 851 1391 gratiarum
866 1307 899 1371 in
919 1325 1016 1371 unum
1030 1305 1186 1370 homiuem
1205 1300 1386 1368 conterebat.
1408 1301 1457 1365 te-

334 1408 435 1473 statur
459 1408 609 1473 Arborine
633 1409 860 1492 expraefecto,
884 1409 998 1474 uidisse
1024 1427 1056 1474 se
1080 1407 1207 1472 Martini
1222 1425 1348 1472 manum
1362 1403 1457 1470 saeri-

333 1509 439 1575 lieium
468 1510 622 1576 offerentis
650 1511 796 1577 natium
827 1511 1050 1595 quodammodo
1078 1509 1279 1576 nobilissimis
1314 1507 1455 1592 gemmis,

333 1613 402 1678 luoe
414 1613 529 1679 mioare
542 1631 708 1697 purpurea,
729 1614 814 1680 etad
830 1616 951 1680 motum
965 1613 1104 1678 dexterae
1118 1613 1304 1678 oonlisarum
1323 1612 1404 1676 inter
1423 1627 1455 1674 se
1464 1622 1490 1661 1⁰

334 1714 486 1800 fragorem
500 1717 621 1782 audisse
635 1735 837 1802 gemmarum.

285 1822 320 1886 ll
376 1817 506 1884 Veniam
519 1819 560 1884 ad
573 1819 668 1899 illud,
690 1821 771 1903 qnod
784 1821 908 1903 propter
921 1820 1095 1901 temporum
1115 1819 1220 1884 uotam
1234 1833 1352 1900 semper
1365 1833 1455 1881 ocan-

332 1919 409 2001 luit,
431 1922 485 1987 sed
498 1939 553 1987 noe
578 1922 674 1988 oelare
698 1940 760 1988 non
778 1923 896 2004 potnit:
919 1919 1025 2006 inquo
1040 1922 1119 1987 illud
1132 1923 1180 1986 est
1194 1921 1350 1998 miraculi,
1373 1919 1454 2003 qnod

304 2022 410 2090 afaoie
434 2025 473 2089 ad
498 2024 608 2091 faeiem
633 2043 704 2090 oum
723 2042 759 2090 eo
772 2026 821 2090 est
835 2025 961 2109 augelus
976 2025 1162 2090 oonloontus.
1184 2023 1339 2090 Maximus
1354 2022 1452 2104 impe·

332 2128 429 2205 rator,
451 2127 529 2193 alias
553 2146 624 2193 sane
647 2128 760 2207 bonus,
792 2128 976 2211 deprauatus
1001 2127 1135 2194 consiliis
1171 2126 1363 2192 saoerdotum
1383 2125 1485 2207 postu

333 2229 521 2296 Priscilliani
545 2249 651 2296 neoem
675 2231 831 2296 Ithaoium
856 2230 1031 2312 epieoopum
1045 2229 1233 2294 Priscilliani
1247 2229 1453 2294 aoooeatorem

333 2334 507 2415 oeterosque
530 2333 617 2398 illius
636 2337 748 2412 aoeies,
770 2349 846 2416 qnos
860 2333 1010 2397 nominari
1025 2349 1085 2397 uon
1099 2334 1146 2397 est
1160 2349 1296 2410 neeesse,
1319 2331 1352 2395 ni
1367 2331 1454 2414 regia

330 2435 489 2514 tuebatur,
503 2454 541 2501 ne
556 2436 625 2518 quie
639 2435 669 2500 ei
683 2435 806 2500 orimiui
819 2435 921 2514 daret,
937 2451 1027 2518 opera
1040 2435 1125 2499 illius
1137 2435 1356 2516 cuiuscumque
1367 2431 1452 2498 modi

302 2536 487 2604 ehominem
501 2536 597 2612 fuisse
610 2538 800 2603 damnatum.
823 2538 940 2602 interea
953 2537 1106 2602 Martinus
1120 2537 1231 2604 miultis
1246 2536 1452 2621 gradibusque

330 2639 537 2705 laborantium
551 2641 651 2706 oausia
670 2639 709 2705 ad
723 2639 907 2706 comitatum
926 2641 970 2706 ire
992 2641 1153 2722 ooupulsus
1174 2639 1339 2722 proeellam
1353 2640 1488 2721 ipsane

330 2742 428 2806 totius
452 2741 645 2824 tempestatis
668 2742 806 2807 iuourrit.
840 2743 1016 2828 cougregati
1041 2743 1122 2825 apud
1148 2741 1294 2807 Treueros
1319 2740 1453 2824 episeopi

330 2844 527 2923 tenebantur,
550 2845 603 2927 qui
628 2845 740 2909 ootidie
764 2846 1023 2910 eommunieantee
1049 2845 1167 2910 Ithaoio
1182 2863 1376 2910 communem
1390 2843 1452 2908 sibi

331 2964 454 3012 eausam
465 2947 607 3013 feoeraut.
630 2947 679 3011 his
692 2948 747 3012 ubi
761 2947 938 3013 nuntiatum
952 2950 1000 3012 est
1013 2948 1241 3030 inopinantibus
1255 2947 1358 3013 adesso
1369 2946 1454 3012 Mar·

330 3050 451 3129 tinum
473 3049 549 3114 totis
562 3050 675 3116 animia
688 3049 866 3122 labefactati
886 3051 1048 3116 mussitare
1070 3052 1102 3114 et
1115 3049 1267 3133 trepidare
1282 3051 1451 3133 ooepemut.

303 3154 363 3218 set
382 3153 446 3217 iam
464 3152 564 3234 pridie
582 3153 748 3234 imperator
766 3170 802 3217 er
816 3169 922 3217 eorum
937 3153 1087 3218 eontentio
1101 3151 1291 3231 deorouerrt,
1313 3153 1453 3217 tribunos
1463 3165 1489 3206 ²⁵

332 3271 454 3319 summa
466 3255 617 3337 potestate
641 3256 775 3319 armatos
800 3255 840 3319 ad
867 3255 1031 3337 Hispanias
1057 3255 1194 3334 mittere,
1218 3256 1272 3338 qui
1285 3255 1454 3320 haeretioos

435 3461 454 3515 3
471 3459 555 3513 Statii
573 3458 655 3513 Theb.
674 3457 701 3522 8,
721 3457 786 3516 751.

388 3631 403 3686 l
424 3628 563 3682 scolastioo
572 3655 606 3666 -
619 3627 770 3682 soolastioos
782 3628 840 3682 AF
899 3629 919 3685 4
937 3629 989 3682 iste
1001 3629 1103 3685 Christi
1115 3629 1149 3684 de
1160 3632 1249 3685 Proto
1261 3645 1295 3684 ex
1305 3631 1365 3684 eale
1376 3629 1455 3684 librae

333 3718 403 3785 (noa
422 3715 486 3769 item
506 3729 539 3766 ex
563 3713 598 3781 V)
675 3714 693 3771 5
711 3712 849 3768 Christum
868 3713 967 3769 BMV:
994 3715 1181 3784 Christumque
1203 3717 1259 3770 AF
1277 3716 1379 3785 (seclia
1391 3715 1453 3782 Fq.

333 3803 465 3869 aarum),
485 3799 621 3855 Christum
642 3813 780 3866 quoqueo
849 3799 866 3855 7
885 3801 1006 3854 inunum
1018 3801 1043 3854 h.
1062 3801 1212 3855 eonferebat
1224 3817 1271 3855 om.
1285 3803 1312 3854 A
1336 3803 1348 3868 ΙΙ
1370 3803 1454 3853 testa-

332 3888 412 3942 batur
432 3886 490 3940 AF
568 3883 606 3940 10
622 3883 708 3937 lucem
727 3900 761 3937 m.
779 3901 937 3953 purpuream
959 3885 1043 3955 FQV
1071 3887 1083 3952 ll
1115 3886 1197 3939 etad
1217 3889 1348 3939 motatum
1374 3885 1408 3950 V,
1429 3888 1456 3938 ot

332 3976 407 4028 motu
418 3971 455 4025 M
463 3969 509 4039 (de
523 3971 550 4025 V
559 3969 666 4022 errauit
677 3967 712 4021 de
724 3970 827 4038 Proto)
851 3973 862 4038 Η
886 3971 1007 4025 dexterae
1020 3971 1119 4025 AMV:
1137 3971 1244 4024 dextrae
1257 3972 1300 4026 Fo
1354 3971 1391 4028 12
1404 3971 1455 4023 illu

333 4058 402 4127 qnod
412 4057 557 4126 praeterA
579 4057 591 4122 ll
613 4056 703 4107 uotam
715 4057 863 4124 temporum
875 4056 945 4110 AFo
998 4057 1035 4114 13
1054 4057 1120 4110 illud
1132 4057 1186 4109 fuit
1199 4057 1226 4109 B
1254 4125 1259 4132 ι
1284 4055 1322 4112 14
1339 4055 1457 4110 oequluit

334 4143 391 4198 BV
409 4143 466 4211 (aed
492 4142 516 4194 V
533 4139 669 4208 ooooluitl:
687 4141 835 4193 oooultauit
855 4141 924 4194 AFo
991 4143 1027 4201 15
1046 4145 1105 4210 post
1116 4173 1148 4180 —
1159 4145 1337 4196 aooueatorem
1358 4159 1407 4196 om.
1430 4141 1461 4196 F

330 4246 375 4299 pr.
397 4245 430 4281 m.
501 4226 538 4282 16
556 4225 686 4278 itachium
707 4227 765 4278 AF
782 4232 807 4278 et
828 4227 867 4278 oie
885 4227 1026 4294 deinceps,
1054 4228 1100 4281 sed
1121 4228 1150 4282 F
1170 4229 1333 4296 aliquotiens
1353 4227 1456 4280 ithaob.

387 4313 423 4369 17
441 4311 617 4366 nominareF
630 4313 642 4378 ΙΙ
660 4326 765 4364 neeesse
775 4326 828 4362 nou
840 4313 918 4363 estA
965 4313 1001 4368 21
1015 4317 1135 4366 treuerus
1151 4314 1177 4367 V
1228 4314 1267 4369 24
1278 4314 1344 4367 totis
1357 4311 1458 4366 anirnis

335 4417 384 4456 om.
396 4397 427 4453 F
432 4414 473 4466 pr.
484 4414 517 4450 m.
538 4397 550 4462 Η
570 4395 727 4448 labefactati
737 4394 946 4464 Amorque
960 4398 1037 4451 Fati
1050 4399 1081 4452 ie
1093 4401 1174 4468 rael:
1197 4398 1324 4452 labefacti
1336 4415 1352 4452 e
1368 4403 1381 4466 ΙΙ
1399 4415 1458 4452 mu·

335 4488 417 4541 altare
429 4483 508 4547 Am,
527 4496 646 4534 mussare
658 4481 721 4534 ΒΜ
786 4485 825 4543 25
843 4481 945 4549 pridem
957 4482 1020 4536 ΒΜ
