3300 5142
681 512 753 583 cap.
775 512 895 571 17-18.
1281 517 1343 581 103

209 672 385 737 substantia
398 670 532 752 hominis
546 670 704 735 inmortali
718 669 833 754 pabulo
848 669 1014 754 saginetur.
1032 668 1101 751 quis
1117 668 1164 733 est
1177 668 1282 733 autem
1292 668 1371 734 hice

209 775 299 859 panis
313 774 365 839 uel
379 775 461 857 quod
474 774 621 857 poculum
635 774 669 838 in
682 772 772 837 libris
784 771 956 838 Salomonis
972 771 1125 856 sapientia
1139 790 1254 855 magna
1269 790 1343 838 uoce

209 877 403 962 proclamat?
425 876 585 943 aitenim:
606 868 765 955 benite,
787 876 1021 941 manducate
1043 875 1088 939 de
1109 874 1210 939 meis
1232 877 1344 959 pani-

210 982 283 1047 bus
305 982 343 1047 et
366 980 491 1045 bibite
511 980 649 1045 uinum
670 979 769 1062 quod
792 966 972 1045 miscui’:
1003 981 1035 1044 et
1049 978 1276 1043 Melchisedech
1290 998 1343 1044 rer

189 1084 315 1151 eSalem
340 1086 372 1150 et
398 1089 536 1151 sacerdos
563 1083 678 1148 summi
699 1083 758 1149 Dei
777 1083 946 1149 reuertenti
966 1082 1109 1148 Abrahae
1133 1101 1204 1147 cum
1219 1100 1297 1164 pane
1312 1082 1343 1145 et

211 1190 284 1255 nino
299 1189 520 1254 benedictionis
535 1187 651 1272 optulit
666 1187 810 1273 gratiam.
834 1188 921 1253 Isaac
935 1187 1030 1253 etiam
1051 1206 1122 1253 cum
1142 1186 1234 1251 Iacob
1249 1186 1342 1251 bene·

213 1292 351 1371 dixisset,
367 1312 438 1358 oum
452 1293 509 1358 hoc
524 1292 608 1357 idem
622 1293 706 1358 Esau
721 1293 840 1375 epatre
855 1292 1039 1376 suppliciter
1055 1292 1201 1375 exigeret,
1217 1306 1341 1372 rospon-

213 1396 261 1460 dit
276 1396 420 1478 eipater:
436 1382 672 1474 ‘dominum’,
694 1395 813 1478 inquit,
835 1390 961 1460 ‘illum
982 1394 1059 1460 feci
1081 1396 1194 1458 tuum
1211 1394 1248 1457 et
1269 1409 1342 1456 om-

212 1517 280 1564 nes
301 1499 450 1565 fratres
473 1499 556 1564 eius
578 1498 656 1564 feci
677 1516 830 1576 seruos,
863 1498 1007 1564 tritico
1030 1498 1067 1563 et
1089 1498 1177 1563 uino
1200 1495 1341 1561 confir·

173 1602 312 1671 romani
326 1589 463 1669 illum',
478 1604 554 1668 tunc
567 1603 649 1666 Esau
664 1619 753 1667 casus
767 1618 838 1668 suos
852 1601 965 1666 misera
977 1600 1197 1666 lamentatione
1208 1598 1340 1680 defleuit,

213 1707 286 1790 quia
298 1706 397 1771 tritici
420 1707 452 1771 et
465 1705 548 1784 uini,
569 1704 603 1769 id
626 1706 674 1770 est
699 1704 822 1770 futurae
849 1703 1009 1769 felicitatis
1034 1702 1170 1787 perdidit
1195 1703 1340 1787 gratiam.

213 1809 294 1892 quod
309 1811 414 1875 autem
429 1808 612 1874 consecratis
626 1808 803 1874 hominibus
819 1827 838 1873 a
852 1809 917 1873 Deo
931 1807 1020 1890 panis
1035 1806 1162 1871 diuinm
1177 1806 1237 1870 iste
1252 1825 1340 1888 prae·
1352 1818 1372 1873 4

213 1914 314 1977 stetur
327 1931 383 1996 per
395 1911 522 1977 Esaiam
537 1911 615 1977 dicit
629 1911 759 1996 spiritus
774 1912 913 1977 sauctus:
935 1903 1002 1978 ‘sic
1023 1910 1125 1975 dicit
1147 1910 1340 1975 dominus:

214 2034 302 2081 ecce
330 2016 397 2097 qui
425 2014 607 2079 seruiunt
638 2014 736 2079 mibi
768 2016 1078 2093 manducabunt,
1115 2031 1183 2079 uos
1212 2014 1341 2080 autem

176 2118 420 2184 1⁵esurietis:
443 2136 528 2183 ecce
545 2118 612 2201 qui
626 2119 803 2183 seruiunt
816 2118 912 2183 mihi
927 2117 1259 2197 iocundabuntur,
1274 2137 1341 2183 uos

213 2220 520 2299 confundemini,
543 2240 610 2287 uos
633 2221 861 2287 interficiet
882 2212 1077 2287 dominus?
1101 2221 1342 2305 nonsolumpa-

210 2327 261 2392 nis
284 2326 345 2390 iste
371 2346 390 2390 a
412 2326 478 2390 Deo
497 2328 502 2410 Ι
522 2342 643 2391 summo
667 2325 827 2409 sacrilegis
853 2327 885 2391 et
910 2326 1016 2408 impiis
1030 2326 1216 2410 denegatur,
1241 2323 1294 2389 sed
1309 2327 1341 2390 et
1350 2342 1397 2383 sol.
1407 2342 1451 2381 1⁸..

210 2448 308 2513 poena
322 2430 517 2514 promittitur
536 2429 568 2494 et
588 2429 714 2493 acerbae
728 2430 838 2493 mortis
865 2429 1068 2494 decernuntur
1082 2428 1190 2507 exitia,
1214 2430 1250 2493 ut
1270 2446 1340 2492 esu·
1401 2428 1407 2448 '

210 2532 361 2597 rientibus
376 2532 517 2597 faucibus
537 2532 661 2597 diuinae
682 2532 958 2598 animaduersionis
978 2532 1079 2597 exitus
1099 2532 1267 2616 ingeratur.
1291 2541 1369 2598 se-5

174 2636 322 2701 acuatur
347 2635 443 2700 etiam
468 2633 526 2700 boc
551 2634 635 2699 idem
655 2636 805 2700 tricesimi
827 2636 859 2701 et
873 2636 960 2701 tertii
974 2635 1088 2719 psalmi
1103 2634 1277 2700 ueneranda
1290 2653 1339 2699 re-

210 2755 337 2819 sponsa,
360 2737 406 2801 ait
426 2737 509 2802 enim
529 2756 584 2821 per
606 2737 711 2803 Dauid
726 2739 855 2821 spiritus
870 2740 1007 2804 sanctus:
1029 2730 1203 2823 ‘gustate
1226 2739 1263 2803 et
1285 2738 1339 2803 ui·

210 2840 296 2904 dete
318 2840 499 2922 quoniam
520 2840 656 2906 duleis
684 2842 744 2907 est
771 2830 973 2907 dominus'.
1012 2842 1102 2907 dulce
1132 2842 1179 2907 est
1208 2840 1338 2906 caeleste

208 2942 372 3025 pabulum,
395 2942 495 3008 dulcis
516 2942 574 3007 Dei
594 2943 698 3007 cibus:
721 2963 777 3009 nec
791 2943 886 3010 babet
900 2945 933 3010 in
947 2964 979 3010 ee
994 2946 1124 3011 miserae
1139 2945 1232 3009 famis
1248 2944 1337 3008 triste

208 3048 400 3112 tormentum
414 3046 446 3111 et
460 3047 499 3111 de
512 3046 659 3111 medullis
673 3045 836 3112 hominum
851 3048 1042 3132 procedentis
1057 3048 1167 3113 ueneni
1182 3048 1268 3111 uirus
1284 3066 1336 3112 en·

170 3150 315 3217 secludit.
339 3152 371 3214 et
384 3150 459 3215 haec
472 3150 518 3215 ita
533 3168 598 3215 esse
613 3151 771 3233 sequentia
790 3152 907 3217 oraculi
928 3170 1072 3237 responsa
1096 3152 1267 3227 declarant,
1291 3149 1337 3213 ait

207 3256 305 3320 enim:
327 3245 475 3318 ‘timete
497 3254 695 3318 dominum
717 3255 845 3320 sancti
861 3256 958 3334 cius,
982 3255 1160 3337 quianon
1175 3254 1238 3320 est
1257 3254 1335 3317 ino-

207 3358 273 3442 pia
294 3357 353 3422 eis
375 3357 442 3438 qui
464 3357 646 3421 metuunt
667 3377 761 3423 eum.
786 3359 940 3425 diuites
963 3359 1160 3443 eguerunt
1189 3360 1226 3422 et
1253 3374 1334 3422 esu·

206 3459 378 3538 rierunt,
411 3460 477 3541 qui
505 3461 636 3526 autem
666 3461 876 3544 inquirunt
896 3463 1109 3527 Dominum
1135 3480 1208 3527 non
1234 3460 1335 3525 indi-

207 3562 356 3648 gebunt
377 3565 479 3629 omni
501 3553 617 3630 bono'
650 3566 704 3648 qui
726 3565 772 3630 sic
794 3566 828 3630 in
847 3566 965 3649 templo
985 3565 1193 3648 praetextatus
1207 3564 1364 3642 incedis,6

171 3666 262 3750 coqui
277 3666 378 3752 fulges
400 3687 551 3751 purpura,
574 3669 661 3734 ouius
688 3670 781 3752 caput
802 3671 856 3734 aut
883 3688 957 3735 auro
981 3669 1134 3752 premitur
1159 3669 1214 3733 cut
1238 3668 1335 3745 lauro,

189 3855 209 3907 ⁶
311 3869 401 3927 asar
413 3871 493 3925 arou.
506 3870 533 3935 o,
546 3872 572 3931 5.
610 3870 856 3937 acenceres.
896 3872 933 3929 13
945 3872 997 3927 ra.
1011 3873 1057 3939 cs,
1072 3872 1109 3929 13
1122 3875 1150 3926 a
1164 3873 1209 3931 15.
1245 3872 1336 3926 21Ps.

207 3956 294 4022 &st
347 3956 577 4026 ffiffiuwm

258 4146 448 4201 lmmmP
498 4146 1335 4219 twmmmmemeMmeMM.3m·

206 4230 335 4287 niteetc
403 4232 533 4289 tmolim
544 4232 723 4287 benedixisset
739 4236 767 4287 et
784 4249 845 4287 cum
914 4234 1025 4288 lacon.
1040 4232 1335 4302 1³,posepacreauae

206 4323 297 4372 tresue
316 4319 425 4374 litterae
444 4335 540 4374 craece
564 4326 631 4374 scat
712 4319 845 4390 Binquit
862 4336 912 4376 om.
935 4340 953 4376 a
975 4322 987 4390 ΙΙ
1010 4323 1087 4375 tuum
1109 4320 1160 4374 feci
1183 4319 1261 4373 illurn
1282 4334 1301 4371 u
1398 4352 1400 4357 -

208 4403 246 4461 18
256 4420 326 4473 pena
333 4406 369 4474 P,
381 4412 414 4460 at
424 4422 530 4474 acrnpcr
546 4407 558 4473 ΙΙ
575 4421 668 4473 acerne
680 4406 709 4460 P
750 4405 787 4462 24
804 4407 971 4477 procedentis
984 4424 1049 4461 uos:
1062 4406 1244 4477 praecedentis
1256 4406 1299 4459 Pa

206 4489 247 4548 25
264 4493 385 4545 ctoriae
437 4490 477 4548 30
493 4492 619 4561 fulgisP
641 4494 653 4560 11
676 4493 1060 4563 auroautlauropremiturc
