3300 5142
1275 567 1343 619 xm

207 737 278 814 tur,
306 721 394 795 satis
421 732 522 795 certo
550 732 709 819 apparet.
738 717 877 792 Eodem
906 729 1052 793 auctore
1079 720 1166 794 item
1194 721 1230 794 in
1259 722 1340 796 loco

205 854 328 942 aperte
355 853 528 941 corrupto
556 866 584 914 c.
604 844 665 931 34,
681 844 720 912 4:
753 832 924 939 ‘loquitur
952 838 1073 913 Plato:
1101 853 1224 938 partes
1248 844 1341 918 orbis

204 990 298 1039 auur
320 963 497 1038 iuuudare
512 959 740 1059 (inundarii)
769 961 866 1052 dicit,
893 986 990 1036 uuus
1019 961 1164 1036 alteruis
1199 963 1340 1037 uicibus

206 1077 395 1159 ardescere'
423 1085 567 1182 signum
595 1082 741 1156 lacunae
767 1083 970 1181 posuimus,
1004 1108 1088 1156 cum
1115 1082 1338 1182 probabilius

203 1204 371 1279 uideatur
396 1203 560 1278 similiter
587 1202 647 1277 uel
683 1202 777 1276 idem
809 1213 894 1276 ante
920 1203 1080 1303 {oquitur
1112 1204 1338 1280 intercidisse

204 1353 310 1425 quam
350 1325 473 1398 locum
514 1325 709 1398 resecando
750 1335 811 1397 aut
838 1326 1115 1397 transmutando
1143 1327 1337 1400 emendan-

205 1448 292 1519 dum
318 1471 406 1520 esse.
437 1447 622 1520 Praeclare
649 1445 746 1519 idem
775 1446 819 1519 de
847 1446 1028 1544 scriptura
1054 1446 1125 1520 loci
1153 1472 1181 1520 c.
1200 1450 1261 1539 23,
1288 1453 1332 1521 ll

203 1569 357 1652 meruit,
382 1593 468 1642 cum
491 1569 527 1639 in
551 1565 609 1641 his
628 1565 752 1639 uerbis
771 1559 867 1640 ‘deus
891 1566 983 1640 curia
1006 1568 1171 1664 li'quezu..
1194 1594 1337 1668 urspen-

201 1689 315 1779 ditur‚
345 1690 520 1778 caeditur,
544 1690 703 1779 dotatur,
726 1688 956 1761 ruuciuatur:
978 1700 1010 1760 et
1031 1691 1115 1762 deus
1138 1713 1260 1763 aereus
1281 1691 1339 1765 uel

204 1823 388 1907 arqeutcus
424 1812 466 1883 dc
501 1809 683 1882 iuuauudo
723 1810 905 1882 uascuia..
940 1809 1135 1904 conflatur,
1177 1811 1335 1884 tunditur

200 1931 333 2006 malleis
360 1943 391 2004 ct
412 1931 452 2004 iu
473 1927 658 2002 incudibus
681 1926 883 2026 ficuratur:
917 1941 948 2002 et
977 1929 1136 2027 lapideus
1165 1933 1333 2022 caeditur,

199 2053 371 2152 scalpitur
388 2064 419 2125 ct
438 2049 481 2123 ab
499 2051 679 2148 impurata
697 2047 837 2123 tautae
854 2039 1038 2146 iera'qatur>
1057 2052 1094 2124 in
1114 2050 1223 2125 tertio
1242 2077 1334 2150 quo-

201 2198 273 2272 que
294 2170 463 2270 mernbro
486 2169 645 2277 lapideus
668 2172 752 2243 decas
778 2169 1020 2242 scribendum
1042 2195 1122 2244 esse
1143 2170 1256 2262 uidit;
1278 2174 1331 2246 fs-

200 2294 266 2367 cile
289 2294 385 2364 enirn
409 2299 576 2388 apparet,
604 2300 744 2388 quanto
780 2314 891 2388 opere
920 2290 994 2362 loci
1026 2314 1234 2364 sarcasmus
1267 2319 1332 2365 no-

198 2417 296 2487 mine
319 2414 378 2485 dei
401 2422 456 2484 ter
479 2410 634 2509 repetito
658 2420 844 2508 augeatur.
873 2408 956 2508 Cap.
977 2411 1035 2501 30,
1061 2413 1085 2482 4
1120 2412 1216 2484 illud
1251 2415 1332 2511 qui·

197 2537 279 2607 deur
303 2543 445 2609 constat
467 2530 669 2606 Minucium
691 2557 766 2605 non
789 2531 997 2630 scripsisse:
1024 2510 1200 2607 Rumaais
1223 2534 1330 2635 (ritus

195 2656 282 2752 fuit)
309 2652 485 2728 Graccum
507 2666 539 2726 et
565 2650 761 2742 Graecam,
793 2650 935 2727 Gallum
962 2666 994 2728 ct
1024 2651 1166 2728 Gallam
1191 2655 1328 2730 sacri·

186 2777 217 2873 f
221 2776 235 2848 i
241 2775 303 2849 cii
338 2776 494 2848 uiucutcs
534 2772 696 2863 obrucre,
736 2773 800 2847 sed
843 2775 933 2870 quid
969 2775 1241 2848 restituendum
1282 2777 1329 2850 sit

195 2896 305 2968 ualde
328 2893 527 2968 dubitatur.
564 2894 670 2967 nobis
703 2894 874 2991 quidem,
916 2919 1000 2967 cum
1025 2894 1123 2968 nulla
1146 2920 1193 2969 ex
1217 2897 1327 2969 uariis

196 3015 522 3104 emendationibus,
545 3037 642 3112 ‘quae
666 3016 874 3113 propositae
897 3027 1003 3104 sunt,
1037 3042 1206 3114 maguam
1230 3019 1327 3090 ueri-

194 3138 278 3211 tatis
314 3137 472 3235 speciem
508 3160 593 3235 prae
629 3161 668 3208 se
702 3135 797 3208 ferre
830 3135 1034 3223 uideretur,
1063 3137 1177 3210 satius
1200 3138 1327 3210 uisum

195 3270 250 3332 est
269 3283 383 3357 parua
399 3258 600 3330 adiectione
622 3257 717 3330 facta
738 3256 863 3330 locum
887 3249 938 3330 sic
964 3256 1129 3356 uulgare:
1157 3257 1330 3355 sacrificii

194 3380 270 3452 loco
304 3378 460 3452 uiueates
496 3376 648 3452 obruere.
677 3375 761 3477 cap.
787 3380 847 3469 33,
872 3380 893 3450 3
928 3377 1015 3452 haec
1038 3388 1094 3452 est
1115 3378 1222 3452 lectio
1245 3378 1326 3453 uul-

194 3509 293 3597 gata:
332 3524 418 3572 uam
441 3510 472 3572 ct
493 3498 566 3596 ipsi
586 3497 752 3595 (Iudaei)
775 3501 878 3573 deum
900 3513 1077 3591 austrum,
1116 3500 1209 3576 idem
1231 3500 1325 3574 cuim

194 3619 350 3692 cranium
373 3622 456 3693 deris
478 3632 543 3709 est,
583 3619 753 3717 quamdiu
775 3644 853 3693 catur
875 3633 984 3712 caste,
1021 3621 1165 3694 aaaouic
1186 3621 1324 3719 reliqio·

192 3743 506 3838 sequestrarunt,
535 3739 705 3837 quamdiu
726 3741 931 3839 praeceptis
965 3739 1160 3815 salubribus
1196 3739 1324 3815 obteru-

186 3873 425 3959 peraucruut,
449 3862 490 3935 dc
508 3859 638 3958 paucis
661 3860 843 3935 innumeri
859 3861 959 3958 sacti
979 3879 1044 3935 etc
1068 3861 1107 3934 in
1130 3862 1186 3934 his
1209 3859 1323 3935 uerba

191 4008 276 4056 uam
293 3994 325 4057 et
342 3982 415 4081 ipsi
427 3999 493 4055 etc.
513 4007 599 4055 sana
617 4006 696 4056 esse
710 4007 816 4080 aegre
832 3984 972 4074 credas3
992 3982 1080 4056 haec
1094 3982 1191 4055 enim
1206 3992 1323 4056 struc-

190 4112 274 4174 tura
294 4096 392 4176 ‘uam
409 4115 441 4177 et
458 4101 531 4200 ipsi
550 4103 653 4177 deum
675 4115 867 4178 rostrum..
896 4103 1065 4203 quamdiu
1086 4127 1202 4176 euru..
1227 4103 1284 4177 col
1305 4147 1322 4159 -

189 4221 300 4296 eruut‘
331 4221 610 4323 impeditissima
641 4233 697 4296 est
719 4233 756 4297 et
778 4224 853 4298 fere
891 4222 1147 4312 intolerabilis3
1188 4223 1321 4321 quidni

191 4342 288 4415 enim
311 4342 493 4417 Minucius
516 4343 639 4441 potius
663 4342 767 4442 plane
790 4343 843 4418 sic
865 4343 1057 4419 scriberet:
1083 4369 1170 4418 uam
1197 4368 1320 4442 quam·
1428 4391 1430 4398 ·

187 4461 250 4536 diu
275 4465 378 4537 deum
403 4476 561 4538 austrum
590 4476 681 4538 caste
709 4465 916 4539 coluerunt?
956 4492 1031 4563 quo
1056 4463 1195 4539 accedit
1217 4464 1319 4562 quod
