3300 5142
337 521 380 586 36
758 516 899 570 Minucii
918 515 1042 570 Felicis

338 673 506 740 sceleribus
521 672 694 739 adolescere
708 690 780 737 oum
791 671 926 737 Romulo
941 670 1067 756 regibus
1084 671 1194 736 ceteris
1215 673 1247 736 et
1260 672 1391 755 posteris
1410 671 1471 736 du-

309 777 426 847 acibus
439 775 605 858 disciplina
617 775 789 841 communis
806 775 863 840 est.
896 775 943 839 its
958 775 1106 857 quicquid
1120 775 1251 840 Romam
1270 776 1394 852 teuent,
1417 791 1471 839 co-

337 880 423 958 lunt,
438 879 610 961 possident,
625 879 771 944 audaciae
786 877 901 962 praede
916 879 979 942 est:
994 879 1114 962 templs
1125 877 1228 943 omnis
1248 877 1287 943 de
1302 878 1469 957 manubiis,

337 981 434 1048 idest
449 983 486 1047 de
500 982 600 1047 ruinis
614 981 758 1060 urbium,
774 982 812 1046 de
827 980 935 1064 spoliis
947 981 1087 1058 deorum,
1115 980 1154 1046 de
1168 980 1312 1046 caedibus
1326 980 1469 1046 sacerdo-

336 1087 421 1150 tum:
433 1085 490 1150 hoc
501 1085 692 1149 insultasset
703 1084 846 1150 inludere
858 1085 921 1162 est,
938 1084 1033 1148 uictis
1044 1082 1246 1166 religionibus
1257 1084 1383 1160 semire,
1396 1101 1493 1165 esp-s

336 1188 421 1253 tiuas
434 1206 486 1253 eas
500 1189 571 1271 post
584 1188 732 1253 uictorias
752 1188 889 1254 adorare.
908 1205 980 1252 nam
997 1187 1124 1252 adorare
1146 1205 1225 1270 quae
1237 1207 1331 1252 manu
1342 1187 1467 1269 ceperis,

309 1291 535 1374 esecrilegium
550 1292 598 1356 est
612 1307 796 1368 consecrare,
811 1308 872 1356 non
886 1291 1024 1356 numina.
1041 1291 1155 1355 totiens
1170 1309 1243 1374 ergo
1258 1291 1404 1356 Romanis
1419 1291 1468 1354 in-

337 1393 458 1477 piatum
472 1396 521 1458 est
534 1393 677 1476 quotiens
691 1394 930 1476 triumphatum,
947 1395 994 1457 tot
1009 1392 1047 1458 de
1062 1394 1123 1458 diis
1138 1394 1236 1477 spolia
1251 1395 1326 1476 quot
1341 1395 1379 1458 de
1394 1412 1469 1479 gen·

337 1496 422 1563 tibus
437 1499 510 1562 sunt
524 1500 657 1578 tropaea.
690 1498 789 1580 igitur
800 1497 935 1562 Romani
955 1514 1014 1561 non
1029 1497 1098 1562 ideo
1114 1498 1204 1575 tanti,
1221 1497 1302 1580 quod
1322 1497 1469 1582 religiosi,

309 1602 391 1668 used
407 1603 488 1685 quod
502 1602 615 1684 inpune
630 1601 782 1684 sacrilegi.
812 1619 911 1682 neque
936 1600 1019 1664 enim
1044 1601 1210 1684 potuerunt
1235 1601 1269 1664 in
1282 1600 1359 1682 ipsis
1379 1600 1510 1664 bellisne

337 1707 409 1772 deos
434 1704 590 1770 adiutores
606 1705 732 1782 hebere,
759 1705 906 1768 aduersus
931 1722 1007 1786 quos
1026 1722 1113 1768 arma
1127 1704 1308 1785 rapuerunt,
1325 1705 1379 1769 scd
1393 1721 1470 1786 quos

335 1811 574 1893 prostrauerant,
595 1807 845 1890 detriumphatos
867 1807 965 1872 colere
986 1808 1158 1888 coepenmt.
1190 1806 1265 1889 quid
1286 1809 1393 1872 autem
1413 1807 1470 1872 isti

337 1913 381 1978 dii
396 1930 450 1997 pro
456 1913 604 1977 Romanis
619 1912 757 1995 possunt,
772 1910 827 1993 qui
844 1909 924 1974 nihil
944 1928 999 1992 pro
1019 1911 1084 1974 suis
1099 1909 1247 1976 aduersus
1262 1927 1368 1975 eorum
1382 1929 1471 1975 arms

336 2016 521 2081 ualuenmt?
536 2015 745 2080 Romanorum
757 2014 840 2078 euim
853 2012 1036 2078 uernaculos
1048 2013 1119 2078 deos
1130 2013 1289 2078 nouimus:
1304 2013 1467 2092 Romulus,

308 2118 445 2197 8Pious,
462 2117 625 2182 Tiberinus
639 2118 672 2182 et
686 2115 804 2182 Consus
818 2117 851 2180 et
866 2115 1031 2181 Pilumnus
1051 2135 1087 2181 sc
1103 2115 1275 2181 Volumnus
1290 2115 1345 2182 dii.
1376 2115 1506 2183 Cloe-rs
1625 2141 1626 2150 ¹

336 2222 438 2287 cinam
455 2221 565 2285 Tatius
579 2223 611 2284 et
625 2219 744 2284 inuenit
758 2221 791 2284 et
799 2219 912 2297 coluit,
928 2219 1082 2284 Pauorem
1088 2219 1244 2286 Hostilius
1258 2219 1467 2302 atquePello·

335 2343 416 2403 rem,
432 2343 503 2389 mox
514 2343 533 2387 a
546 2323 647 2387 nescio
662 2341 722 2404 quo
736 2322 847 2387 Febris
862 2321 1022 2387 dedicata:
1039 2322 1113 2388 haec
1127 2322 1254 2388 alumna
1268 2323 1354 2387 urbis
1372 2323 1468 2389 istius

335 2427 529 2510 superstitio,
551 2426 651 2491 morbi
671 2427 703 2490 et
716 2425 817 2490 malae
832 2424 1034 2490 ualetudines.
1066 2443 1139 2490 sune
1163 2429 1195 2491 et
1215 2425 1299 2491 Acon
1319 2425 1467 2492 Larentia

335 2533 367 2595 et
387 2530 492 2608 Flora,
514 2529 690 2594 meretrices
712 2527 930 2609 propudiosae,
957 2528 1039 2592 inter
1060 2528 1182 2593 morbos
1202 2529 1414 2594 Romanorum
1435 2530 1468 2593 et

308 2632 407 2697 9deos
422 2631 653 2714 computandae.
683 2631 738 2694 isti
753 2630 873 2696 scilicet
888 2631 1035 2696 aduersus
1050 2632 1180 2711 ceteros,
1196 2633 1251 2715 qui
1268 2632 1301 2696 in
1318 2632 1466 2716 gentibus
1475 2657 1506 2698 se

335 2735 528 2813 colebantur,
550 2733 760 2799 Romanomm
780 2733 947 2817 imperium
961 2733 1170 2816 protulerunt:
1192 2753 1289 2818 neque
1310 2736 1395 2801 enim
1415 2753 1467 2800 eos

334 2839 500 2904 aduersum
518 2855 588 2901 snos
603 2836 742 2902 homines
763 2837 815 2902 uel
831 2837 915 2902 Mers
931 2836 1081 2902 Thracius
1106 2837 1156 2902 uel
1172 2837 1312 2920 Iuppiter
1326 2837 1468 2904 Creticus

334 2942 387 3007 uel
401 2941 478 3006 Iuno
492 2959 574 3005 nunc
586 2939 724 3026 Argiue,
739 2958 820 3006 nuno
836 2939 955 3018 Samia,
977 2959 1058 3006 nunc
1070 2939 1186 3020 Poena,
1202 2942 1254 3008 uel
1265 2941 1367 3006 Diam
1382 2943 1468 3007 Teu·

334 3045 399 3112 rica
412 3044 464 3111 uel
478 3045 579 3109 Mater
593 3043 686 3110 Idaea
696 3045 749 3109 uel
764 3043 921 3128 Aegyptia
940 3043 997 3108 ills
1010 3061 1071 3109 uon
1089 3045 1233 3123 numine,
1255 3044 1309 3110 sed
1324 3045 1468 3128 portentu

245 3125 258 3250 ζ
286 3150 475 3263 rubuerunt.
491 3149 552 3213 nisi
566 3147 647 3214 forte
661 3149 744 3231 apud
765 3149 843 3214 istos
856 3147 956 3212 maior
968 3147 1095 3213 castitas
1109 3147 1269 3232 uirginum
1284 3149 1340 3213 snt
1353 3149 1504 3233 religiose

388 3371 538 3440 lposteris
557 3370 707 3426 Daua'sius:
734 3371 876 3441 postremis
898 3371 954 3437 Pr,
980 3371 1112 3439 postumis
1129 3371 1281 3438 Wowerns,
1308 3373 1369 3441 post
1389 3388 1467 3442 reges

339 3456 477 3525 Wopkens
488 3463 514 3512 et
530 3456 623 3512 Veneto
631 3457 669 3514 L.
681 3457 715 3511 L.
729 3460 765 3512 57
817 3457 950 3516 5seruire
962 3460 991 3510 ot
1003 3461 1071 3527 capt.
1087 3459 1227 3512 Wocoerus
1279 3458 1467 3514 7aRomsnis

338 3543 458 3597 Vrsinus
517 3542 536 3600 8
554 3543 623 3612 quod
634 3543 667 3597 de
679 3543 707 3597 P
725 3545 738 3612 11
758 3543 885 3612 gentibus
898 3547 961 3598 sunt
973 3527 1023 3614 (si)
1036 3561 1105 3599 nos:
1124 3545 1251 3614 gentibus
1268 3547 1295 3598 et
1309 3546 1357 3608 Pr,
1373 3547 1402 3599 et
1412 3544 1465 3598 aer.

334 3629 434 3684 Heuns
487 3629 506 3686 9
523 3632 617 3700 tropea
629 3631 676 3696 1³¹,
694 3630 806 3700 trophea
817 3632 874 3685 P²r
928 3633 963 3690 11
983 3634 1048 3700 fort.
1062 3635 1207 3703 rapuerant
1227 3633 1239 3700 ΙΙ
1256 3631 1302 3686 sed
1317 3648 1382 3701 qnos
1398 3647 1466 3687 nos:

334 3719 362 3770 et
374 3732 439 3786 qnos
452 3718 480 3772 P
486 3733 532 3784 pr.
545 3734 578 3771 en.
592 3733 660 3772 corr.
674 3733 708 3771 ea
719 3720 747 3770 et
758 3717 828 3786 quod
875 3719 912 3775 12
929 3721 1132 3788 prostrauerant
1144 3718 1278 3774 Domburt
1290 3724 1316 3773 et
1328 3734 1425 3773 cerasos·
1434 3718 1468 3774 a'n

335 3804 366 3857 Z.
379 3804 401 3870 f.
415 3804 519 3858 Plutus.
531 3821 558 3857 u.
571 3803 644 3858 batn
660 3803 1172 3875 uneot(1e,171).·poeculeuerent1²r
1226 3805 1263 3864 15
1281 3804 1419 3860 tenerinus
1431 3803 1467 3870 P,

335 3888 512 3959 Tyberinusr
531 3891 545 3958 ΙΙ
566 3889 713 3943 Volumnus
724 3887 875 3960 Ripalte'us:
893 3893 1033 3961 polumnus
1047 3893 1085 3957 P,
1099 3892 1241 3946 Picumnus
1253 3908 1284 3960 r;
1306 3892 1468 3963 Cyprianus

336 3975 364 4040 2,
382 3977 400 4028 5
419 3978 551 4028 neutrum
570 3989 669 4027 nornen
688 3974 776 4042 babet,
796 3975 845 4029 sed
865 3976 952 4030 solum
971 3976 1091 4030 Pilumni
1145 3977 1182 4033 17
1202 3976 1268 4030 haec
1288 3976 1374 4030 almae
1391 3975 1468 4031 urbis

336 4058 488 4113 Hesnnunn
553 4059 589 4116 18
607 4059 741 4114 laurentis
759 4061 809 4128 Pr,
834 4077 881 4116 em.
899 4063 1031 4131 Vrsinus5
1055 4064 1090 4130 cf.
1105 4063 1185 4118 In'us'c'
1197 4063 1225 4128 Ι,
1251 4067 1268 4117 4
1339 4063 1376 4120 19
1395 4063 1469 4117 inter

335 4143 433 4212 probra
452 4146 527 4198 Rom.
549 4146 700 4201 Heumann
760 4147 797 4204 23
814 4149 859 4202 uel
879 4147 967 4202 Diana
984 4149 1131 4205 Gelenius:
1153 4166 1222 4204 nuno
1242 4149 1322 4204 diana
1343 4150 1401 4217 Ρη
1428 4151 1464 4216 cf.

340 4229 422 4300 Cypr.
435 4233 462 4294 2,
476 4235 507 4284 9:
525 4231 599 4285 biars
616 4232 746 4287 Thracius
767 4236 796 4287 et
814 4233 937 4303 Iuppiter
958 4234 1079 4291 Creticus
1101 4238 1129 4289 st
1148 4236 1214 4290 Iuno
1232 4236 1275 4290 uel
1297 4237 1402 4306 Argius
1421 4235 1467 4290 uel

336 4315 427 4371 Samia
446 4316 490 4370 uel
508 4317 597 4371 Poena
618 4321 646 4372 et
669 4319 757 4373 Diana
778 4318 892 4373 Taurica
912 4326 961 4375 ece.
981 4321 994 4388 u
1014 4321 1124 4391 tuuriga
1145 4321 1173 4376 P
1229 4322 1268 4378 24
1287 4320 1366 4375 deum
1378 4321 1467 4374 muter

336 4401 417 4539 {Saea
439 4403 597 4472 Gyprsanns
613 4405 625 4472 ΙΙ
640 4404 702 4459 idea
714 4406 741 4459 P
755 4407 768 4472 11
788 4404 834 4459 scd
846 4408 874 4459 ct
886 4409 1009 4474 portenta
1023 4407 1057 4476 P,
1069 4407 1156 4462 sedet
1168 4425 1277 4462 erasum
1332 4407 1371 4467 25
1384 4407 1468 4460 casti-

366 4488 403 4541 tis
417 4505 432 4542 r
