3300 5142
345 523 387 590 66
759 517 908 589 Sulpicii
925 517 1042 572 Seueri

344 677 519 742 istiusmodi
540 673 746 740 matrimoniis
767 694 803 740 ae
824 674 905 740 filios
927 694 966 739 ex
984 674 1034 738 his
1055 675 1212 757 suseeptos
1233 674 1356 740 extrudi
1369 675 1467 755 iubet,

344 798 506 861 omnesque
517 779 602 844 disto
608 795 742 860 panrsra
755 780 905 861 purgatus
915 777 1046 860 populus
1056 777 1170 842 ueteris
1179 777 1258 862 legis
1269 777 1334 843 ritu
1344 777 1466 861 agebat

316 885 479 948 beebnrm
493 881 625 946 Esdram
638 880 717 945 nihil
731 899 821 963 super
836 880 999 944 refieienda
1007 880 1082 944 urbe
1092 879 1192 964 egisse
1206 880 1468 962 componderatio

344 985 493 1068 potiorem
508 1003 614 1049 euram
627 985 713 1048 ratus
728 982 848 1066 motem
863 982 1015 1064 eonuptis
1026 982 1166 1048 moribus
1178 982 1353 1048 reformare.

297 1077 332 1140 ll
387 1089 464 1152 Erat
502 1105 538 1151 ea
572 1087 757 1168 tempestate
798 1085 880 1167 apud
915 1085 1121 1169 Babyloniam
1154 1085 1300 1150 Nesmiae
1326 1084 1469 1150 minister
1491 1101 1505 1140 ι

345 1190 462 1274 regius,
486 1190 577 1272 gente
591 1189 737 1266 Iudaeus,
754 1187 914 1273 =sirtaxersi
927 1187 1038 1255 merito
1052 1187 1268 1269 obsequiorum
1281 1187 1467 1252 carissimus.

317 1291 373 1356 ‘lis
387 1292 515 1357 Iudaees
528 1291 733 1372 pertentatum,
749 1290 818 1373 quis
832 1292 977 1374 paternae
991 1289 1079 1354 urbis
1091 1291 1194 1355 status
1206 1291 1301 1367 esset,
1316 1290 1370 1354 ubi
1385 1307 1469 1354 eorn-

344 1395 426 1478 perit
447 1393 480 1458 in
499 1393 598 1459 isdem
619 1393 716 1458 ruinis
737 1393 836 1459 iaeere
856 1393 1006 1474 patriam,
1029 1393 1105 1457 totis
1118 1393 1256 1458 sensibus
1270 1391 1470 1457 eonturbatns

346 1515 416 1562 eum
431 1496 551 1580 gemitu
564 1496 732 1578 multisque
747 1495 883 1561 neumis
897 1513 998 1560 orasse
1013 1495 1052 1560 ad
1066 1495 1166 1560 Deum
1188 1496 1334 1573 traditur,
1356 1493 1471 1560 delleta

318 1599 447 1684 egenen
467 1617 539 1664 suae
560 1601 719 1681 reputans,
742 1597 984 1664 miseridordiam
1005 1597 1144 1664 diuinam
1165 1595 1349 1682 efflagitans.
1371 1596 1471 1680 igitur
1479 1613 1507 1653 ιο

346 1721 417 1768 eum
438 1719 508 1766 eum
529 1719 581 1766 rar
603 1701 683 1766 inter
704 1701 809 1783 epulus
831 1701 985 1766 maestum
1012 1701 1099 1765 extra
1125 1699 1253 1764 solitum
1274 1699 1469 1765 animaduer-

345 1805 450 1883 tisset,
472 1804 612 1888 poposeit
634 1803 672 1869 ab
694 1822 729 1868 oo
757 1821 882 1868 eausam
909 1802 1050 1868 dolorum
1070 1805 1108 1868 ut
1128 1805 1297 1884 erpenmt.
1326 1805 1395 1866 tnm
1416 1801 1471 1865 ills

346 1908 475 1972 aduersa
487 1907 588 1990 gentis
600 1925 672 1970 suae
683 1908 714 1970 et
724 1905 846 1970 ruinam
857 1905 996 1970 ciuitatis
1008 1905 1126 1984 dedero,
1139 1923 1217 1986 quse
1230 1905 1295 1969 iam
1308 1923 1363 1986 per
1376 1921 1470 1968 annea

347 2009 411 2074 fare
430 2009 574 2074 dueentos
593 2011 625 2074 et
645 2009 870 2092 quinquaginta
882 2007 946 2072 sole
961 2009 1069 2085 strata
1081 2008 1234 2074 malornm
1247 2007 1470 2084 testimenium

347 2112 554 2195 speetaoulum
569 2111 702 2176 inimicis
716 2111 889 2194 praeberet:
911 2112 1000 2176 daret
1020 2110 1080 2175 sibi
1102 2110 1193 2175 eundi
1214 2111 1247 2175 et
1266 2109 1508 2175 restituendaeu

319 2215 412 2286 seius
432 2215 625 2296 potestatem.
654 2215 759 2296 paruit
780 2232 832 2278 rex
853 2213 913 2296 piis
934 2213 1089 2296 precibus,
1117 2212 1286 2295 statimque
1307 2231 1379 2277 eum
1400 2229 1471 2276 eum

345 2318 497 2401 praesidio
511 2317 660 2399 equitum,
681 2335 741 2399 quo
756 2317 856 2382 tutius
870 2317 930 2381 iter
944 2317 1058 2399 ageret,
1080 2315 1210 2394 tinnit
1233 2315 1316 2380 datis
1329 2315 1369 2378 ad
1383 2332 1471 2396 prae·

346 2421 428 2485 teres
449 2419 590 2503 epistulis
611 2421 648 2483 ut
674 2419 843 2484 neeessaria
869 2418 1056 2500 praeberent.
1085 2418 1112 2482 is
1134 2437 1205 2482 eum
1225 2416 1471 2499 Hierosolymam

347 2521 542 2605 peruenisset,
555 2521 678 2586 uiritim
690 2521 801 2602 popule
816 2538 892 2602 opus
903 2519 988 2584 urbis
1003 2519 1173 2598 distribuit,
1184 2522 1217 2584 et
1231 2519 1376 2584 eertabm
1389 2518 1473 2583 iussa

348 2643 452 2690 omnes
467 2622 622 2688 emebant.
646 2623 768 2705 iamque
783 2623 822 2687 ad
837 2621 974 2687 medium
988 2622 1148 2687 machinae
1161 2623 1378 2705 proeesserant
1401 2640 1470 2686 eum
1480 2640 1509 2682 se

321 2727 497 2810 bilegrante
518 2725 637 2790 inuidia
658 2725 798 2809 gentium
819 2725 940 2790 uieinae
960 2725 1051 2789 urbes
1071 2724 1247 2808 eonspirant
1266 2743 1357 2806 opera
1376 2724 1472 2788 inter·

348 2847 487 2911 rumpere
501 2828 688 2910 Iudaeosque
703 2827 741 2892 ab
757 2827 943 2893 aedificando
957 2828 1115 2893 deterrere.
1132 2828 1186 2892 sed
1201 2824 1354 2904 Neemias‚
1370 2827 1472 2908 dispo·

348 2932 418 2996 sitis
433 2932 596 2996 aduersum
610 2929 799 2995 incursantes
813 2930 990 3012 praesidiis,
1012 2929 1093 2994 nibil
1112 2922 1240 2995 te’rritus
1254 2931 1362 3011 eoepts
1375 2929 1472 3011 expli·

349 3034 428 3099 enit:
455 3033 723 3113 eonsummatoque
752 3051 841 3096 muro
869 3034 901 3096 et
925 3032 1027 3097 ualuis
1051 3035 1211 3114 pertarum
1235 3030 1393 3115 perfectis,
1419 3049 1473 3112 per

348 3137 484 3202 familias
509 3135 718 3201 construendis
749 3133 878 3200 interitu
912 3135 1054 3200 domibus
1089 3135 1196 3200 urbem
1233 3134 1388 3200 dimensus
1416 3134 1510 3198 estu

350 3238 525 3320 sensuitque
546 3236 693 3320 populum
718 3235 845 3301 minime
867 3237 938 3302 urbi
962 3256 1083 3321 parem,
1109 3255 1206 3319 neque
1230 3237 1313 3303 enim
1339 3237 1473 3320 amplius

350 3361 443 3423 quam
455 3341 494 3405 ad
506 3339 728 3422 quinquaginta
739 3339 827 3404 milia
835 3340 1001 3423 promiscui
1011 3359 1099 3405 serus
1110 3341 1202 3422 atque
1211 3341 1326 3405 ordinis
1337 3343 1471 3423 reperta:

324 3444 473 3510 stantum
495 3461 530 3506 or
551 3441 606 3505 ille
628 3441 780 3522 quondam
801 3441 918 3506 inmani
940 3461 1065 3507 numero
1087 3442 1298 3525 frequentibus
1312 3442 1403 3507 bellis
1417 3441 1473 3508 ab·

352 3548 511 3629 sumptum
533 3545 588 3609 aut
609 3543 789 3625 captiuitate
811 3544 977 3609 detentum.
1000 3565 1074 3610 nam
1095 3545 1170 3610 olim
1191 3546 1249 3613 hae
1270 3545 1349 3612 duae
1362 3545 1471 3623 tribus,

352 3667 482 3731 quarum
503 3647 560 3712 hoe
581 3645 736 3711 residuum
751 3645 822 3724 fuit,
845 3665 916 3711 eum
938 3648 975 3711 ab
997 3648 1047 3711 his
1068 3649 1173 3713 deeem
1193 3649 1294 3713 tribus
1317 3648 1511 3730 separataese

352 3753 439 3828 sunt,
463 3767 524 3814 ccc
539 3750 571 3813 et
585 3767 634 3812 xx
649 3748 737 3813 milia
759 3749 897 3814 uirorum
919 3752 1121 3816 armauerant.
1146 3771 1164 3815 a
1178 3752 1242 3815 Deo
1257 3750 1295 3815 ob
1314 3751 1473 3834 peceatum

459 3953 495 4008 10
512 3951 578 4006 Nels
598 3953 623 4008 2.
661 3951 699 4008 20
716 3951 782 4005 Neh.
803 3953 820 4008 3
839 3967 895 4021 sqq.

406 4143 424 4198 2
442 4141 497 4194 ritu
515 4140 548 4194 de
566 4141 665 4194 Proto:
683 4139 739 4192 riti
758 4140 800 4193 Pb
864 4140 882 4198 5
900 4140 1043 4194 Nehemias
1061 4141 1183 4194 Drusiae
1252 4141 1270 4197 6
1288 4140 1429 4194 artarxersi
1447 4141 1476 4194 P

408 4227 445 4283 10
462 4226 718 4294 miserieordiamque
731 4227 746 4279 b
796 4224 832 4281 14
844 4229 872 4279 et
883 4227 1022 4296 sexaginta
1034 4227 1164 4295 Sigoniees
1210 4227 1250 4284 20
1262 4243 1321 4281 curn
1332 4226 1475 4296 flagrante]

355 4312 531 4382 conflagrante
551 4313 577 4365 P
647 4311 684 4368 22
702 4311 849 4364 Judaeosb
873 4313 885 4378 ΙΙ
907 4311 1044 4380 dispositis
1062 4313 1091 4365 b:
1109 4311 1237 4380 depositis
1256 4313 1282 4366 P
1344 4313 1383 4368 24
1399 4327 1475 4366 muro

357 4399 485 4468 sipontus
494 4397 882 4464 addiditpeseisatiamopere
926 4397 1110 4455 astinenum
1120 4397 1475 4452 Galesiaiuaetffiseiiaus:

356 4483 481 4538 dimissus
495 4483 521 4536 P
571 4483 607 4538 31
627 4497 720 4536 clxxx
732 4481 862 4551 Sigonius
883 4483 895 4549 ΙΙ
919 4499 935 4536 a
946 4483 1001 4535 Deo
1013 4482 1047 4534 de
1059 4482 1158 4536 Prata:
1177 4483 1240 4537 adeo
1253 4483 1311 4538 edd.
1323 4484 1432 4552 priores
