<?xml version="1.0" encoding="UTF-8"?>
<!DOCTYPE html PUBLIC "-//W3C//DTD XHTML 1.0 Transitional//EN"
    "http://www.w3.org/TR/xhtml1/DTD/xhtml1-transitional.dtd">
<html xmlns="http://www.w3.org/1999/xhtml" xml:lang="en" lang="en">
 <head>
  <title>
</title>
<meta http-equiv="Content-Type" content="text/html;charset=utf-8" />
  <meta name='ocr-system' content='tesseract 3.04.00' />
  <meta name='ocr-capabilities' content='ocr_page ocr_carea ocr_par ocr_line ocrx_word'/>
</head>
<body>
  <div class='ocr_page' id='page_1' title='image "./corpusscriptoru12wissgoog_0449.png"; bbox 0 0 3300 5142; ppageno 0'>
   <div class='ocr_carea' id='block_1_1' title="bbox 650 532 1321 600">
    <p class='ocr_par' dir='ltr' id='par_1_1' title="bbox 650 532 1321 600">
     <span class='ocr_line' id='line_1_1' title="bbox 650 532 1321 600; baseline 0.003 -13"><span class='ocrx_word' id='word_1_1' title='bbox 650 532 722 600; x_wconf 83' lang='lat' dir='ltr'>Cap.</span> <span class='ocrx_word' id='word_1_2' title='bbox 743 532 864 589; x_wconf 74' lang='lat'><strong>22-24.</strong></span> <span class='ocrx_word' id='word_1_3' title='bbox 1260 534 1321 598; x_wconf 83' lang='lat'>113</span> 
     </span>
    </p>
   </div>
   <div class='ocr_carea' id='block_1_2' title="bbox 152 686 1432 3561">
    <p class='ocr_par' dir='ltr' id='par_1_2' title="bbox 152 686 1432 3561">
     <span class='ocr_line' id='line_1_2' title="bbox 191 686 1325 772; baseline 0.002 -23"><span class='ocrx_word' id='word_1_4' title='bbox 191 686 323 769; x_wconf 84' lang='lat' dir='ltr'>gratia</span> <span class='ocrx_word' id='word_1_5' title='bbox 346 686 383 752; x_wconf 93' lang='lat' dir='ltr'>in</span> <span class='ocrx_word' id='word_1_6' title='bbox 405 687 526 752; x_wconf 90' lang='lat' dir='ltr'>labiis</span> <span class='ocrx_word' id='word_1_7' title='bbox 548 688 644 753; x_wconf 88' lang='lat' dir='ltr'>tuis:</span> <span class='ocrx_word' id='word_1_8' title='bbox 678 690 886 772; x_wconf 89' lang='lat' dir='ltr'>propterea</span> <span class='ocrx_word' id='word_1_9' title='bbox 908 688 1111 753; x_wconf 79' lang='lat' dir='ltr'>benedixit</span> <span class='ocrx_word' id='word_1_10' title='bbox 1133 688 1210 753; x_wconf 81' lang='lat' dir='ltr'>libi</span> <span class='ocrx_word' id='word_1_11' title='bbox 1231 688 1325 751; x_wconf 85' lang='lat' dir='ltr'>deus</span> 
     </span>
     <span class='ocr_line' id='line_1_3' title="bbox 190 788 1324 876; baseline 0.003 -23"><span class='ocrx_word' id='word_1_12' title='bbox 190 788 229 853; x_wconf 92' lang='lat' dir='ltr'>in</span> <span class='ocrx_word' id='word_1_13' title='bbox 252 791 464 855; x_wconf 89' lang='lat' dir='ltr'>aeternum.</span> <span class='ocrx_word' id='word_1_14' title='bbox 498 792 702 876; x_wconf 73' lang='lat' dir='ltr'>accingere</span> <span class='ocrx_word' id='word_1_15' title='bbox 724 792 903 876; x_wconf 82' lang='lat' dir='ltr'>gladium</span> <span class='ocrx_word' id='word_1_16' title='bbox 926 794 1034 856; x_wconf 93' lang='lat' dir='ltr'>tuum</span> <span class='ocrx_word' id='word_1_17' title='bbox 1057 791 1159 856; x_wconf 87' lang='lat' dir='ltr'>circe</span> <span class='ocrx_word' id='word_1_18' title='bbox 1181 790 1324 870; x_wconf 85' lang='lat' dir='ltr'>femur,</span> 
     </span>
     <span class='ocr_line' id='line_1_4' title="bbox 189 893 1324 977; baseline 0.004 -22"><span class='ocrx_word' id='word_1_19' title='bbox 189 893 472 973; x_wconf 90' lang='lat' dir='ltr'>potentissime</span> <span class='ocrx_word' id='word_1_20' title='bbox 501 895 628 977; x_wconf 92' lang='lat' dir='ltr'>specie</span> <span class='ocrx_word' id='word_1_21' title='bbox 651 897 689 960; x_wconf 93' lang='lat' dir='ltr'>et</span> <span class='ocrx_word' id='word_1_22' title='bbox 710 894 1014 977; x_wconf 79' lang='lat' dir='ltr'>pulchritudine</span> <span class='ocrx_word' id='word_1_23' title='bbox 1036 895 1120 959; x_wconf 90' lang='lat' dir='ltr'>tua:</span> <span class='ocrx_word' id='word_1_24' title='bbox 1144 893 1324 973; x_wconf 85' lang='lat' dir='ltr'>intende,</span> 
     </span>
     <span class='ocr_line' id='line_1_5' title="bbox 189 998 1325 1083; baseline 0.001 -23"><span class='ocrx_word' id='word_1_25' title='bbox 189 1012 372 1079; x_wconf 85' lang='lat' dir='ltr'>prospere</span> <span class='ocrx_word' id='word_1_26' title='bbox 394 998 555 1080; x_wconf 88' lang='lat' dir='ltr'>procede</span> <span class='ocrx_word' id='word_1_27' title='bbox 576 999 613 1062; x_wconf 92' lang='lat' dir='ltr'>et</span> <span class='ocrx_word' id='word_1_28' title='bbox 634 1017 750 1083; x_wconf 88' lang='lat' dir='ltr'>regna</span> <span class='ocrx_word' id='word_1_29' title='bbox 770 999 929 1082; x_wconf 90' lang='lat' dir='ltr'>propter</span> <span class='ocrx_word' id='word_1_30' title='bbox 951 998 1145 1062; x_wconf 90' lang='lat' dir='ltr'>uirtutem</span> <span class='ocrx_word' id='word_1_31' title='bbox 1168 998 1205 1063; x_wconf 90' lang='lat' dir='ltr'>et</span> <span class='ocrx_word' id='word_1_32' title='bbox 1226 1017 1325 1062; x_wconf 92' lang='lat' dir='ltr'>man-</span> 
     </span>
     <span class='ocr_line' id='line_1_6' title="bbox 168 1099 1325 1180; baseline 0.003 -19"><span class='ocrx_word' id='word_1_33' title='bbox 168 1099 449 1165; x_wconf 76' lang='lat' dir='ltr'>ssnetudinem</span> <span class='ocrx_word' id='word_1_34' title='bbox 471 1102 509 1165; x_wconf 92' lang='lat' dir='ltr'>et</span> <span class='ocrx_word' id='word_1_35' title='bbox 530 1100 750 1180; x_wconf 90' lang='lat' dir='ltr'>iustitiam,</span> <span class='ocrx_word' id='word_1_36' title='bbox 773 1103 810 1167; x_wconf 91' lang='lat' dir='ltr'>et</span> <span class='ocrx_word' id='word_1_37' title='bbox 833 1102 996 1167; x_wconf 79' lang='lat' dir='ltr'>deducet</span> <span class='ocrx_word' id='word_1_38' title='bbox 1018 1101 1057 1167; x_wconf 95' lang='lat' dir='ltr'>te</span> <span class='ocrx_word' id='word_1_39' title='bbox 1078 1100 1325 1166; x_wconf 86' lang='lat' dir='ltr'>mirabiliter</span> 
     </span>
     <span class='ocr_line' id='line_1_7' title="bbox 190 1199 1323 1289; baseline 0.002 -25"><span class='ocrx_word' id='word_1_40' title='bbox 190 1199 349 1267; x_wconf 89' lang='lat' dir='ltr'>dextera</span> <span class='ocrx_word' id='word_1_41' title='bbox 381 1205 455 1268; x_wconf 90' lang='lat' dir='ltr'>tua.</span> <span class='ocrx_word' id='word_1_42' title='bbox 490 1205 666 1288; x_wconf 81' lang='lat' dir='ltr'>sagittae</span> <span class='ocrx_word' id='word_1_43' title='bbox 698 1209 790 1269; x_wconf 83' lang='lat' dir='ltr'>tuoe</span> <span class='ocrx_word' id='word_1_44' title='bbox 821 1206 984 1284; x_wconf 87' lang='lat' dir='ltr'>acutae,</span> <span class='ocrx_word' id='word_1_45' title='bbox 1022 1203 1323 1289; x_wconf 90' lang='lat' dir='ltr'>potentissime:</span> 
     </span>
     <span class='ocr_line' id='line_1_8' title="bbox 189 1305 1322 1391; baseline 0.003 -24"><span class='ocrx_word' id='word_1_46' title='bbox 189 1305 326 1387; x_wconf 92' lang='lat' dir='ltr'>populi</span> <span class='ocrx_word' id='word_1_47' title='bbox 347 1305 456 1371; x_wconf 86' lang='lat' dir='ltr'>infra</span> <span class='ocrx_word' id='word_1_48' title='bbox 477 1308 516 1372; x_wconf 94' lang='lat' dir='ltr'>te</span> <span class='ocrx_word' id='word_1_49' title='bbox 538 1307 727 1373; x_wconf 84' lang='lat' dir='ltr'>decident</span> <span class='ocrx_word' id='word_1_50' title='bbox 748 1309 787 1372; x_wconf 94' lang='lat' dir='ltr'>in</span> <span class='ocrx_word' id='word_1_51' title='bbox 809 1307 919 1373; x_wconf 90' lang='lat' dir='ltr'>corde</span> <span class='ocrx_word' id='word_1_52' title='bbox 942 1308 1193 1373; x_wconf 90' lang='lat' dir='ltr'>inimicorum</span> <span class='ocrx_word' id='word_1_53' title='bbox 1208 1307 1322 1391; x_wconf 89' lang='lat' dir='ltr'>regis.</span> 
     </span>
     <span class='ocr_line' id='line_1_9' title="bbox 190 1407 1325 1496; baseline 0.005 -25"><span class='ocrx_word' id='word_1_54' title='bbox 190 1407 301 1472; x_wconf 92' lang='lat' dir='ltr'>sedes</span> <span class='ocrx_word' id='word_1_55' title='bbox 323 1410 410 1487; x_wconf 85' lang='lat' dir='ltr'>tua,</span> <span class='ocrx_word' id='word_1_56' title='bbox 432 1411 553 1489; x_wconf 85' lang='lat' dir='ltr'>Deus,</span> <span class='ocrx_word' id='word_1_57' title='bbox 575 1412 614 1476; x_wconf 93' lang='lat' dir='ltr'>in</span> <span class='ocrx_word' id='word_1_58' title='bbox 636 1411 837 1476; x_wconf 87' lang='lat' dir='ltr'>saeculum</span> <span class='ocrx_word' id='word_1_59' title='bbox 859 1412 1030 1477; x_wconf 86' lang='lat' dir='ltr'>saeculi:</span> <span class='ocrx_word' id='word_1_60' title='bbox 1069 1412 1187 1496; x_wconf 85' lang='lat' dir='ltr'>uirga</span> <span class='ocrx_word' id='word_1_61' title='bbox 1214 1413 1325 1477; x_wconf 90' lang='lat' dir='ltr'>recte</span> 
     </span>
     <span class='ocr_line' id='line_1_10' title="bbox 189 1512 1325 1599; baseline 0.005 -26"><span class='ocrx_word' id='word_1_62' title='bbox 189 1513 248 1575; x_wconf 89' lang='lat' dir='ltr'>est</span> <span class='ocrx_word' id='word_1_63' title='bbox 268 1512 380 1597; x_wconf 89' lang='lat' dir='ltr'>uirga</span> <span class='ocrx_word' id='word_1_64' title='bbox 401 1516 509 1599; x_wconf 90' lang='lat' dir='ltr'>regni</span> <span class='ocrx_word' id='word_1_65' title='bbox 531 1516 600 1580; x_wconf 90' lang='lat' dir='ltr'>tui.</span> <span class='ocrx_word' id='word_1_66' title='bbox 637 1513 822 1580; x_wconf 86' lang='lat' dir='ltr'>dilexisti</span> <span class='ocrx_word' id='word_1_67' title='bbox 853 1513 1068 1593; x_wconf 87' lang='lat' dir='ltr'>iustitiam,</span> <span class='ocrx_word' id='word_1_68' title='bbox 1100 1515 1223 1581; x_wconf 94' lang='lat' dir='ltr'>odisti</span> <span class='ocrx_word' id='word_1_69' title='bbox 1251 1515 1325 1580; x_wconf 92' lang='lat' dir='ltr'>ini·</span> 
     </span>
     <span class='ocr_line' id='line_1_11' title="bbox 155 1614 1324 1701; baseline 0.005 -24"><span class='ocrx_word' id='word_1_70' title='bbox 155 1614 398 1695; x_wconf 84' lang='lat' dir='ltr'>1oquitatem:</span> <span class='ocrx_word' id='word_1_71' title='bbox 420 1618 627 1701; x_wconf 89' lang='lat' dir='ltr'>propterea</span> <span class='ocrx_word' id='word_1_72' title='bbox 648 1617 783 1682; x_wconf 83' lang='lat' dir='ltr'>uncxit</span> <span class='ocrx_word' id='word_1_73' title='bbox 804 1619 843 1682; x_wconf 90' lang='lat' dir='ltr'>te</span> <span class='ocrx_word' id='word_1_74' title='bbox 865 1622 967 1682; x_wconf 89' lang='lat' dir='ltr'>Deus</span> <span class='ocrx_word' id='word_1_75' title='bbox 989 1620 1078 1682; x_wconf 90' lang='lat' dir='ltr'>tuus</span> <span class='ocrx_word' id='word_1_76' title='bbox 1101 1618 1226 1683; x_wconf 90' lang='lat' dir='ltr'>oleum</span> <span class='ocrx_word' id='word_1_77' title='bbox 1248 1618 1324 1683; x_wconf 90' lang='lat' dir='ltr'>lae-</span> 
     </span>
     <span class='ocr_line' id='line_1_12' title="bbox 189 1716 1325 1803; baseline 0.005 -24"><span class='ocrx_word' id='word_1_78' title='bbox 189 1716 722 1785; x_wconf 89' lang='lat' dir='ltr'>titiaeaconsortibustuis:</span> <span class='ocrx_word' id='word_1_79' title='bbox 746 1737 878 1803; x_wconf 83' lang='lat' dir='ltr'>myrra</span> <span class='ocrx_word' id='word_1_80' title='bbox 900 1719 938 1783; x_wconf 92' lang='lat' dir='ltr'>et</span> <span class='ocrx_word' id='word_1_81' title='bbox 961 1720 1075 1803; x_wconf 89' lang='lat' dir='ltr'>gutta</span> <span class='ocrx_word' id='word_1_82' title='bbox 1097 1722 1134 1784; x_wconf 92' lang='lat' dir='ltr'>et</span> <span class='ocrx_word' id='word_1_83' title='bbox 1157 1720 1325 1787; x_wconf 85' lang='lat' dir='ltr'>cassiae</span> 
     </span>
     <span class='ocr_line' id='line_1_13' title="bbox 189 1820 1323 1905; baseline 0.004 -22"><span class='ocrx_word' id='word_1_84' title='bbox 189 1820 448 1887; x_wconf 83' lang='lat' dir='ltr'>uestimentis</span> <span class='ocrx_word' id='word_1_85' title='bbox 471 1823 553 1887; x_wconf 92' lang='lat' dir='ltr'>tuis</span> <span class='ocrx_word' id='word_1_86' title='bbox 582 1822 626 1887; x_wconf 96' lang='lat' dir='ltr'>de</span> <span class='ocrx_word' id='word_1_87' title='bbox 652 1822 858 1888; x_wconf 87' lang='lat' dir='ltr'>aedificiis</span> <span class='ocrx_word' id='word_1_88' title='bbox 890 1822 1078 1887; x_wconf 86' lang='lat' dir='ltr'>eburneis</span> <span class='ocrx_word' id='word_1_89' title='bbox 1111 1842 1152 1887; x_wconf 88' lang='lat' dir='ltr'>ex</span> <span class='ocrx_word' id='word_1_90' title='bbox 1180 1824 1323 1905; x_wconf 90' lang='lat' dir='ltr'>quibus</span> 
     </span>
     <span class='ocr_line' id='line_1_14' title="bbox 188 1914 777 1991; baseline 0.003 -4"><span class='ocrx_word' id='word_1_91' title='bbox 188 1924 226 1989; x_wconf 92' lang='lat' dir='ltr'>te</span> <span class='ocrx_word' id='word_1_92' title='bbox 248 1925 504 1991; x_wconf 88' lang='lat' dir='ltr'>iucunditate</span> <span class='ocrx_word' id='word_1_93' title='bbox 526 1914 777 1991; x_wconf 86' lang='lat' dir='ltr'>adfecerunt&#39;</span> 
     </span>
     <span class='ocr_line' id='line_1_15' title="bbox 233 2027 1353 2113; baseline 0.004 -22"><span class='ocrx_word' id='word_1_94' title='bbox 233 2027 413 2093; x_wconf 87' lang='lat' dir='ltr'>inmortalis</span> <span class='ocrx_word' id='word_1_95' title='bbox 432 2029 586 2113; x_wconf 89' lang='lat' dir='ltr'>unguenti</span> <span class='ocrx_word' id='word_1_96' title='bbox 606 2031 724 2095; x_wconf 87' lang='lat' dir='ltr'>secreta</span> <span class='ocrx_word' id='word_1_97' title='bbox 744 2029 937 2112; x_wconf 83' lang='lat' dir='ltr'>perdidimus</span> <span class='ocrx_word' id='word_1_98' title='bbox 961 2030 992 2093; x_wconf 90' lang='lat' dir='ltr'>et</span> <span class='ocrx_word' id='word_1_99' title='bbox 1015 2028 1139 2095; x_wconf 90' lang='lat' dir='ltr'>diuinae</span> <span class='ocrx_word' id='word_1_100' title='bbox 1154 2031 1243 2097; x_wconf 89' lang='lat' dir='ltr'>nohis</span> <span class='ocrx_word' id='word_1_101' title='bbox 1259 2032 1353 2095; x_wconf 88' lang='lat' dir='ltr'>dis-3</span> 
     </span>
     <span class='ocr_line' id='line_1_16' title="bbox 154 2131 1323 2218; baseline 0.006 -26"><span class='ocrx_word' id='word_1_102' title='bbox 154 2131 350 2212; x_wconf 74' lang='lat' dir='ltr'>repositionis</span> <span class='ocrx_word' id='word_1_103' title='bbox 365 2133 438 2198; x_wconf 93' lang='lat' dir='ltr'>ordo</span> <span class='ocrx_word' id='word_1_104' title='bbox 453 2135 645 2198; x_wconf 90' lang='lat' dir='ltr'>monstratus</span> <span class='ocrx_word' id='word_1_105' title='bbox 660 2134 722 2197; x_wconf 89' lang='lat' dir='ltr'>est:</span> <span class='ocrx_word' id='word_1_106' title='bbox 745 2153 872 2218; x_wconf 85' lang='lat' dir='ltr'>regnum</span> <span class='ocrx_word' id='word_1_107' title='bbox 898 2134 1083 2216; x_wconf 90' lang='lat' dir='ltr'>perpetuum</span> <span class='ocrx_word' id='word_1_108' title='bbox 1105 2135 1137 2198; x_wconf 91' lang='lat' dir='ltr'>et</span> <span class='ocrx_word' id='word_1_109' title='bbox 1157 2135 1233 2199; x_wconf 88' lang='lat' dir='ltr'>caeli</span> <span class='ocrx_word' id='word_1_110' title='bbox 1255 2134 1323 2199; x_wconf 87' lang='lat' dir='ltr'>dia-</span> 
     </span>
     <span class='ocr_line' id='line_1_17' title="bbox 189 2234 1432 2319; baseline 0.003 -22"><span class='ocrx_word' id='word_1_111' title='bbox 189 2234 281 2299; x_wconf 86' lang='lat' dir='ltr'>dema</span> <span class='ocrx_word' id='word_1_112' title='bbox 301 2235 425 2299; x_wconf 91' lang='lat' dir='ltr'>domino</span> <span class='ocrx_word' id='word_1_113' title='bbox 445 2238 549 2300; x_wconf 90' lang='lat' dir='ltr'>nostro</span> <span class='ocrx_word' id='word_1_114' title='bbox 570 2254 642 2301; x_wconf 90' lang='lat' dir='ltr'>cum</span> <span class='ocrx_word' id='word_1_115' title='bbox 657 2236 808 2319; x_wconf 88' lang='lat' dir='ltr'>unguenti</span> <span class='ocrx_word' id='word_1_116' title='bbox 821 2236 986 2301; x_wconf 87' lang='lat' dir='ltr'>maiestate</span> <span class='ocrx_word' id='word_1_117' title='bbox 1002 2236 1157 2301; x_wconf 87' lang='lat' dir='ltr'>conlatum</span> <span class='ocrx_word' id='word_1_118' title='bbox 1173 2240 1229 2302; x_wconf 89' lang='lat' dir='ltr'>est.</span> <span class='ocrx_word' id='word_1_119' title='bbox 1253 2238 1432 2319; x_wconf 42' lang='lat' dir='ltr'>quinarias.</span> 
     </span>
     <span class='ocr_line' id='line_1_18' title="bbox 189 2338 1322 2424; baseline 0.003 -23"><span class='ocrx_word' id='word_1_120' title='bbox 189 2339 296 2402; x_wconf 89' lang='lat' dir='ltr'>autem</span> <span class='ocrx_word' id='word_1_121' title='bbox 323 2338 375 2403; x_wconf 89' lang='lat' dir='ltr'>hio</span> <span class='ocrx_word' id='word_1_122' title='bbox 399 2340 454 2421; x_wconf 91' lang='lat' dir='ltr'>qui</span> <span class='ocrx_word' id='word_1_123' title='bbox 477 2339 604 2424; x_wconf 91' lang='lat' dir='ltr'>regendi</span> <span class='ocrx_word' id='word_1_124' title='bbox 623 2339 706 2405; x_wconf 90' lang='lat' dir='ltr'>orbis</span> <span class='ocrx_word' id='word_1_125' title='bbox 726 2340 845 2422; x_wconf 86' lang='lat' dir='ltr'>accepit</span> <span class='ocrx_word' id='word_1_126' title='bbox 860 2340 1060 2422; x_wconf 84' lang='lat' dir='ltr'>potestatem,</span> <span class='ocrx_word' id='word_1_127' title='bbox 1089 2340 1143 2422; x_wconf 89' lang='lat' dir='ltr'>qni</span> <span class='ocrx_word' id='word_1_128' title='bbox 1158 2341 1322 2406; x_wconf 86' lang='lat' dir='ltr'>uenerandi</span> 
     </span>
     <span class='ocr_line' id='line_1_19' title="bbox 188 2442 1323 2520; baseline 0.001 -15"><span class='ocrx_word' id='word_1_129' title='bbox 188 2442 324 2505; x_wconf 90' lang='lat' dir='ltr'>nominis</span> <span class='ocrx_word' id='word_1_130' title='bbox 339 2442 503 2509; x_wconf 87' lang='lat' dir='ltr'>maiestate</span> <span class='ocrx_word' id='word_1_131' title='bbox 518 2442 693 2520; x_wconf 84' lang='lat' dir='ltr'>decoratur,</span> <span class='ocrx_word' id='word_1_132' title='bbox 709 2443 796 2507; x_wconf 90' lang='lat' dir='ltr'>aliud</span> <span class='ocrx_word' id='word_1_133' title='bbox 810 2442 898 2509; x_wconf 91' lang='lat' dir='ltr'>nobis</span> <span class='ocrx_word' id='word_1_134' title='bbox 913 2443 1065 2508; x_wconf 87' lang='lat' dir='ltr'>monstrat</span> <span class='ocrx_word' id='word_1_135' title='bbox 1079 2444 1255 2508; x_wconf 89' lang='lat' dir='ltr'>oraculum:</span> <span class='ocrx_word' id='word_1_136' title='bbox 1278 2443 1323 2509; x_wconf 90' lang='lat' dir='ltr'>ait</span> 
     </span>
     <span class='ocr_line' id='line_1_20' title="bbox 189 2538 1322 2631; baseline 0.002 -22"><span class='ocrx_word' id='word_1_137' title='bbox 189 2544 272 2609; x_wconf 89' lang='lat' dir='ltr'>anim</span> <span class='ocrx_word' id='word_1_138' title='bbox 288 2544 413 2610; x_wconf 90' lang='lat' dir='ltr'>isidem</span> <span class='ocrx_word' id='word_1_139' title='bbox 427 2546 547 2612; x_wconf 88' lang='lat' dir='ltr'>Dauid:</span> <span class='ocrx_word' id='word_1_140' title='bbox 575 2538 628 2611; x_wconf 89' lang='lat' dir='ltr'>‘ut</span> <span class='ocrx_word' id='word_1_141' title='bbox 651 2546 744 2628; x_wconf 90' lang='lat' dir='ltr'>qnid</span> <span class='ocrx_word' id='word_1_142' title='bbox 774 2545 1022 2611; x_wconf 88' lang='lat' dir='ltr'>fremuerunt</span> <span class='ocrx_word' id='word_1_143' title='bbox 1044 2548 1180 2631; x_wconf 90' lang='lat' dir='ltr'>gentes</span> <span class='ocrx_word' id='word_1_144' title='bbox 1203 2547 1239 2613; x_wconf 88' lang='lat' dir='ltr'>et</span> <span class='ocrx_word' id='word_1_145' title='bbox 1261 2565 1322 2630; x_wconf 94' lang='lat' dir='ltr'>po-</span> 
     </span>
     <span class='ocr_line' id='line_1_21' title="bbox 153 2649 1322 2735; baseline -0.001 -18"><span class='ocrx_word' id='word_1_146' title='bbox 153 2649 272 2731; x_wconf 81' lang='lat' dir='ltr'>nopuli</span> <span class='ocrx_word' id='word_1_147' title='bbox 295 2650 479 2715; x_wconf 88' lang='lat' dir='ltr'>meditati</span> <span class='ocrx_word' id='word_1_148' title='bbox 502 2652 592 2716; x_wconf 90' lang='lat' dir='ltr'>sunt</span> <span class='ocrx_word' id='word_1_149' title='bbox 612 2652 770 2716; x_wconf 82' lang='lat' dir='ltr'>inania?</span> <span class='ocrx_word' id='word_1_150' title='bbox 792 2650 1041 2716; x_wconf 86' lang='lat' dir='ltr'>adstiterunt</span> <span class='ocrx_word' id='word_1_151' title='bbox 1063 2669 1173 2735; x_wconf 89' lang='lat' dir='ltr'>reges</span> <span class='ocrx_word' id='word_1_152' title='bbox 1195 2652 1322 2716; x_wconf 89' lang='lat' dir='ltr'>terrae</span> 
     </span>
     <span class='ocr_line' id='line_1_22' title="bbox 189 2752 1320 2837; baseline 0.003 -21"><span class='ocrx_word' id='word_1_153' title='bbox 189 2752 229 2816; x_wconf 92' lang='lat' dir='ltr'>et</span> <span class='ocrx_word' id='word_1_154' title='bbox 262 2752 469 2837; x_wconf 89' lang='lat' dir='ltr'>principes</span> <span class='ocrx_word' id='word_1_155' title='bbox 497 2756 771 2819; x_wconf 90' lang='lat' dir='ltr'>conuenerunt</span> <span class='ocrx_word' id='word_1_156' title='bbox 793 2753 831 2817; x_wconf 92' lang='lat' dir='ltr'>in</span> <span class='ocrx_word' id='word_1_157' title='bbox 853 2773 968 2818; x_wconf 90' lang='lat' dir='ltr'>unum</span> <span class='ocrx_word' id='word_1_158' title='bbox 990 2754 1180 2819; x_wconf 90' lang='lat' dir='ltr'>aduersus</span> <span class='ocrx_word' id='word_1_159' title='bbox 1204 2754 1320 2819; x_wconf 92' lang='lat' dir='ltr'>domi-</span> 
     </span>
     <span class='ocr_line' id='line_1_23' title="bbox 188 2846 1320 2939; baseline 0.004 -22"><span class='ocrx_word' id='word_1_160' title='bbox 188 2874 278 2919; x_wconf 91' lang='lat' dir='ltr'>num</span> <span class='ocrx_word' id='word_1_161' title='bbox 293 2857 330 2921; x_wconf 94' lang='lat' dir='ltr'>et</span> <span class='ocrx_word' id='word_1_162' title='bbox 345 2856 533 2923; x_wconf 88' lang='lat' dir='ltr'>aduersus</span> <span class='ocrx_word' id='word_1_163' title='bbox 549 2856 752 2922; x_wconf 85' lang='lat' dir='ltr'>Christum</span> <span class='ocrx_word' id='word_1_164' title='bbox 767 2846 872 2923; x_wconf 86' lang='lat' dir='ltr'>eius&#39;</span> <span class='ocrx_word' id='word_1_165' title='bbox 896 2857 1014 2939; x_wconf 88' lang='lat' dir='ltr'>quidte</span> <span class='ocrx_word' id='word_1_166' title='bbox 1026 2857 1071 2922; x_wconf 88' lang='lat' dir='ltr'>sic</span> <span class='ocrx_word' id='word_1_167' title='bbox 1086 2857 1209 2922; x_wconf 82' lang='lat' dir='ltr'>extollis</span> <span class='ocrx_word' id='word_1_168' title='bbox 1225 2858 1320 2922; x_wconf 87' lang='lat' dir='ltr'>seori-</span> 
     </span>
     <span class='ocr_line' id='line_1_24' title="bbox 188 2958 1320 3043; baseline 0.005 -22"><span class='ocrx_word' id='word_1_169' title='bbox 188 2958 258 3041; x_wconf 87' lang='lat' dir='ltr'>lega</span> <span class='ocrx_word' id='word_1_170' title='bbox 271 2961 450 3042; x_wconf 77' lang='lat' dir='ltr'>persuasio?</span> <span class='ocrx_word' id='word_1_171' title='bbox 473 2962 547 3043; x_wconf 89' lang='lat' dir='ltr'>quid</span> <span class='ocrx_word' id='word_1_172' title='bbox 573 2961 700 3026; x_wconf 91' lang='lat' dir='ltr'>miseros</span> <span class='ocrx_word' id='word_1_173' title='bbox 721 2961 860 3026; x_wconf 92' lang='lat' dir='ltr'>homines</span> <span class='ocrx_word' id='word_1_174' title='bbox 887 2962 1033 3026; x_wconf 84' lang='lat' dir='ltr'>effrenata</span> <span class='ocrx_word' id='word_1_175' title='bbox 1058 2962 1233 3027; x_wconf 89' lang='lat' dir='ltr'>temeritate</span> <span class='ocrx_word' id='word_1_176' title='bbox 1259 2964 1320 3027; x_wconf 87' lang='lat' dir='ltr'>oir-</span> 
     </span>
     <span class='ocr_line' id='line_1_25' title="bbox 188 3063 1320 3149; baseline 0.005 -24"><span class='ocrx_word' id='word_1_177' title='bbox 188 3063 370 3127; x_wconf 83' lang='lat' dir='ltr'>oumuenis?</span> <span class='ocrx_word' id='word_1_178' title='bbox 384 3065 577 3149; x_wconf 89' lang='lat' dir='ltr'>unguentum</span> <span class='ocrx_word' id='word_1_179' title='bbox 594 3063 710 3129; x_wconf 78' lang='lat' dir='ltr'>Christi</span> <span class='ocrx_word' id='word_1_180' title='bbox 725 3064 802 3129; x_wconf 88' lang='lat' dir='ltr'>caeli</span> <span class='ocrx_word' id='word_1_181' title='bbox 818 3063 912 3129; x_wconf 87' lang='lat' dir='ltr'>donat</span> <span class='ocrx_word' id='word_1_182' title='bbox 928 3064 1110 3147; x_wconf 85' lang='lat' dir='ltr'>imperium,</span> <span class='ocrx_word' id='word_1_183' title='bbox 1127 3065 1320 3149; x_wconf 81' lang='lat' dir='ltr'>rmguentum</span> 
     </span>
     <span class='ocr_line' id='line_1_26' title="bbox 152 3165 758 3249; baseline 0.017 -26"><span class='ocrx_word' id='word_1_184' title='bbox 152 3181 178 3222; x_wconf 75' lang='lat' dir='ltr'>aa</span> <span class='ocrx_word' id='word_1_185' title='bbox 187 3166 279 3227; x_wconf 82' lang='lat' dir='ltr'>tuam</span> <span class='ocrx_word' id='word_1_186' title='bbox 293 3165 448 3249; x_wconf 89' lang='lat' dir='ltr'>gehennae</span> <span class='ocrx_word' id='word_1_187' title='bbox 462 3168 593 3232; x_wconf 89' lang='lat' dir='ltr'>suscitat</span> <span class='ocrx_word' id='word_1_188' title='bbox 607 3166 758 3232; x_wconf 86' lang='lat' dir='ltr'>flammas.</span> 
     </span>
     <span class='ocr_line' id='line_1_27' title="bbox 230 3266 1370 3355; baseline 0.004 -24"><span class='ocrx_word' id='word_1_189' title='bbox 230 3266 290 3332; x_wconf 86' lang='lat' dir='ltr'>Sed</span> <span class='ocrx_word' id='word_1_190' title='bbox 305 3268 386 3350; x_wconf 91' lang='lat' dir='ltr'>quod</span> <span class='ocrx_word' id='word_1_191' title='bbox 400 3269 509 3352; x_wconf 90' lang='lat' dir='ltr'>inpuro</span> <span class='ocrx_word' id='word_1_192' title='bbox 524 3290 575 3336; x_wconf 91' lang='lat' dir='ltr'>ore</span> <span class='ocrx_word' id='word_1_193' title='bbox 589 3270 730 3336; x_wconf 88' lang='lat' dir='ltr'>sacerdos</span> <span class='ocrx_word' id='word_1_194' title='bbox 744 3270 804 3336; x_wconf 90' lang='lat' dir='ltr'>iste</span> <span class='ocrx_word' id='word_1_195' title='bbox 819 3272 851 3335; x_wconf 93' lang='lat' dir='ltr'>et</span> <span class='ocrx_word' id='word_1_196' title='bbox 862 3270 983 3355; x_wconf 89' lang='lat' dir='ltr'>polluta</span> <span class='ocrx_word' id='word_1_197' title='bbox 994 3270 1157 3335; x_wconf 90' lang='lat' dir='ltr'>uerborum</span> <span class='ocrx_word' id='word_1_198' title='bbox 1170 3272 1320 3336; x_wconf 87' lang='lat' dir='ltr'>contami·</span> <span class='ocrx_word' id='word_1_199' title='bbox 1331 3282 1370 3344; x_wconf 70' lang='lat'>24</span> 
     </span>
     <span class='ocr_line' id='line_1_28' title="bbox 186 3370 1320 3457; baseline 0.005 -24"><span class='ocrx_word' id='word_1_200' title='bbox 186 3370 312 3435; x_wconf 88' lang='lat' dir='ltr'>natione</span> <span class='ocrx_word' id='word_1_201' title='bbox 327 3371 497 3453; x_wconf 87' lang='lat' dir='ltr'>componit,</span> <span class='ocrx_word' id='word_1_202' title='bbox 520 3372 598 3438; x_wconf 85' lang='lat' dir='ltr'>libet</span> <span class='ocrx_word' id='word_1_203' title='bbox 619 3373 764 3457; x_wconf 90' lang='lat' dir='ltr'>diligenti</span> <span class='ocrx_word' id='word_1_204' title='bbox 784 3371 984 3455; x_wconf 87' lang='lat' dir='ltr'>inquisitione</span> <span class='ocrx_word' id='word_1_205' title='bbox 1006 3372 1167 3437; x_wconf 88' lang='lat' dir='ltr'>discutere.</span> <span class='ocrx_word' id='word_1_206' title='bbox 1190 3372 1320 3439; x_wconf 85' lang='lat' dir='ltr'>liberato</span> 
     </span>
     <span class='ocr_line' id='line_1_29' title="bbox 188 3472 1319 3561; baseline 0.004 -25"><span class='ocrx_word' id='word_1_207' title='bbox 188 3472 245 3537; x_wconf 92' lang='lat' dir='ltr'>deo</span> <span class='ocrx_word' id='word_1_208' title='bbox 260 3490 315 3535; x_wconf 93' lang='lat' dir='ltr'>suo</span> <span class='ocrx_word' id='word_1_209' title='bbox 330 3473 446 3538; x_wconf 92' lang='lat' dir='ltr'>bonum</span> <span class='ocrx_word' id='word_1_210' title='bbox 461 3475 601 3540; x_wconf 89' lang='lat' dir='ltr'>animum</span> <span class='ocrx_word' id='word_1_211' title='bbox 616 3494 721 3561; x_wconf 86' lang='lat' dir='ltr'>gerere</span> <span class='ocrx_word' id='word_1_212' title='bbox 741 3476 855 3555; x_wconf 87' lang='lat' dir='ltr'>socios,</span> <span class='ocrx_word' id='word_1_213' title='bbox 878 3476 1025 3541; x_wconf 88' lang='lat' dir='ltr'>fiduciam</span> <span class='ocrx_word' id='word_1_214' title='bbox 1051 3476 1147 3541; x_wconf 88' lang='lat' dir='ltr'>bonae</span> <span class='ocrx_word' id='word_1_215' title='bbox 1174 3477 1238 3560; x_wconf 89' lang='lat' dir='ltr'>spei</span> <span class='ocrx_word' id='word_1_216' title='bbox 1263 3477 1319 3541; x_wconf 88' lang='lat' dir='ltr'>ha-</span> 
     </span>
    </p>
   </div>
   <div class='ocr_carea' id='block_1_3' title="bbox 295 3661 519 3731">
    <p class='ocr_par' dir='ltr' id='par_1_3' title="bbox 295 3661 519 3731">
     <span class='ocr_line' id='line_1_30' title="bbox 295 3661 519 3731; baseline -0.004 -14"><span class='ocrx_word' id='word_1_217' title='bbox 295 3661 331 3719; x_wconf 82' lang='lat' dir='ltr'>ne</span> <span class='ocrx_word' id='word_1_218' title='bbox 349 3663 394 3717; x_wconf 76' lang='lat' dir='ltr'>rs.</span> <span class='ocrx_word' id='word_1_219' title='bbox 408 3662 434 3727; x_wconf 86' lang='lat'>2,</span> <span class='ocrx_word' id='word_1_220' title='bbox 450 3662 466 3718; x_wconf 94' lang='lat'>1</span> <span class='ocrx_word' id='word_1_221' title='bbox 480 3678 519 3731; x_wconf 76' lang='lat' dir='ltr'>sq.</span> 
     </span>
    </p>
   </div>
   <div class='ocr_carea' id='block_1_4' title="bbox 185 3816 1326 4587">
    <p class='ocr_par' dir='ltr' id='par_1_4' title="bbox 185 3816 1326 4587">
     <span class='ocr_line' id='line_1_31' title="bbox 240 3816 1318 3886; baseline -0.004 -11"><span class='ocrx_word' id='word_1_222' title='bbox 240 3816 406 3875; x_wconf 87' lang='lat' dir='ltr'>ltibidens</span> <span class='ocrx_word' id='word_1_223' title='bbox 417 3832 467 3872; x_wconf 79' lang='lat' dir='ltr'>orn.</span> <span class='ocrx_word' id='word_1_224' title='bbox 481 3816 662 3881; x_wconf 77' lang='lat' dir='ltr'>P5tibiadd.</span> <span class='ocrx_word' id='word_1_225' title='bbox 676 3818 732 3873; x_wconf 78' lang='lat' dir='ltr'>iant</span> <span class='ocrx_word' id='word_1_226' title='bbox 752 3835 783 3882; x_wconf 83' lang='lat' dir='ltr'>a,</span> <span class='ocrx_word' id='word_1_227' title='bbox 811 3817 1030 3886; x_wconf 70' lang='lat' dir='ltr'>dcusBarsa&#39;am</span> <span class='ocrx_word' id='word_1_228' title='bbox 1060 3818 1096 3886; x_wconf 82' lang='lat' dir='ltr'>cf.</span> <span class='ocrx_word' id='word_1_229' title='bbox 1118 3818 1221 3873; x_wconf 83' lang='lat' dir='ltr'>LXX:</span> <span class='ocrx_word' id='word_1_230' title='bbox 1245 3816 1318 3872; x_wconf 58' lang='lat' dir='ltr'>asro-</span> 
     </span>
     <span class='ocr_line' id='line_1_32' title="bbox 186 3901 1319 3975; baseline 0 -17"><span class='ocrx_word' id='word_1_231' title='bbox 186 3908 274 3975; x_wconf 76' lang='grc' dir='ltr'><em>γησέν</em></span> <span class='ocrx_word' id='word_1_232' title='bbox 288 3920 319 3959; x_wconf 85' lang='grc' dir='ltr'>σε</span> <span class='ocrx_word' id='word_1_233' title='bbox 337 3901 433 3964; x_wconf 77' lang='grc' dir='ltr'>ὁθεός</span> <span class='ocrx_word' id='word_1_234' title='bbox 496 3903 616 3957; x_wconf 72' lang='grc' dir='ltr'>Ὴεωιπ</span> <span class='ocrx_word' id='word_1_235' title='bbox 628 3906 736 3958; x_wconf 86' lang='lat' dir='ltr'>tnuma</span> <span class='ocrx_word' id='word_1_236' title='bbox 758 3907 770 3973; x_wconf 81' lang='grc' dir='ltr'>ΙΙ</span> <span class='ocrx_word' id='word_1_237' title='bbox 792 3904 992 3973; x_wconf 86' lang='lat' dir='ltr'>potentissime:</span> <span class='ocrx_word' id='word_1_238' title='bbox 1013 3905 1146 3973; x_wconf 82' lang='lat' dir='ltr'>speciest</span> <span class='ocrx_word' id='word_1_239' title='bbox 1164 3922 1190 3973; x_wconf 90' lang='lat' dir='ltr'>p.</span> <span class='ocrx_word' id='word_1_240' title='bbox 1212 3907 1260 3957; x_wconf 88' lang='lat' dir='ltr'>tua</span> <span class='ocrx_word' id='word_1_241' title='bbox 1278 3906 1319 3959; x_wconf 91' lang='lat' dir='ltr'>in-</span> 
     </span>
     <span class='ocr_line' id='line_1_33' title="bbox 185 3987 1318 4065; baseline 0 -20"><span class='ocrx_word' id='word_1_242' title='bbox 185 3990 265 4045; x_wconf 86' lang='lat' dir='ltr'>tendo</span> <span class='ocrx_word' id='word_1_243' title='bbox 278 3990 338 4046; x_wconf 80' lang='lat' dir='ltr'>edd.</span> <span class='ocrx_word' id='word_1_244' title='bbox 352 3997 383 4045; x_wconf 86' lang='lat' dir='ltr'>at</span> <span class='ocrx_word' id='word_1_245' title='bbox 395 3996 434 4044; x_wconf 81' lang='lat' dir='ltr'>est</span> <span class='ocrx_word' id='word_1_246' title='bbox 445 3991 478 4045; x_wconf 78' lang='lat' dir='ltr'>in</span> <span class='ocrx_word' id='word_1_247' title='bbox 489 3991 592 4045; x_wconf 86' lang='lat' dir='ltr'><em>LXX:</em></span> <span class='ocrx_word' id='word_1_248' title='bbox 611 3992 710 4045; x_wconf 72' lang='lat' dir='ltr'>dovart</span> <span class='ocrx_word' id='word_1_249' title='bbox 720 3993 753 4065; x_wconf 72' lang='grc' dir='ltr'>τῇ</span> <span class='ocrx_word' id='word_1_250' title='bbox 763 3987 914 4062; x_wconf 65' lang='lat' dir='ltr'>operitur!</span> <span class='ocrx_word' id='word_1_251' title='bbox 921 4008 972 4044; x_wconf 87' lang='grc' dir='ltr'>σου</span> <span class='ocrx_word' id='word_1_252' title='bbox 983 3997 1030 4045; x_wconf 83' lang='lat' dir='ltr'>eto.</span> <span class='ocrx_word' id='word_1_253' title='bbox 1092 3991 1110 4045; x_wconf 82' lang='lat'>4</span> <span class='ocrx_word' id='word_1_254' title='bbox 1126 3994 1236 4061; x_wconf 87' lang='lat' dir='ltr'>propter</span> <span class='ocrx_word' id='word_1_255' title='bbox 1249 3992 1318 4045; x_wconf 87' lang='lat' dir='ltr'>ueri·</span> 
     </span>
     <span class='ocr_line' id='line_1_34' title="bbox 185 4077 1316 4147; baseline 0.003 -17"><span class='ocrx_word' id='word_1_256' title='bbox 185 4079 272 4131; x_wconf 86' lang='lat' dir='ltr'>tatem</span> <span class='ocrx_word' id='word_1_257' title='bbox 281 4078 433 4145; x_wconf 82' lang='lat' dir='ltr'>Wowerus,</span> <span class='ocrx_word' id='word_1_258' title='bbox 452 4083 485 4131; x_wconf 81' lang='lat' dir='ltr'>ut</span> <span class='ocrx_word' id='word_1_259' title='bbox 496 4078 597 4132; x_wconf 69' lang='lat' dir='ltr'>habent</span> <span class='ocrx_word' id='word_1_260' title='bbox 609 4077 697 4131; x_wconf 84' lang='lat' dir='ltr'>LXX</span> <span class='ocrx_word' id='word_1_261' title='bbox 714 4084 740 4132; x_wconf 84' lang='lat' dir='ltr'>et</span> <span class='ocrx_word' id='word_1_262' title='bbox 762 4077 844 4147; x_wconf 80' lang='lat' dir='ltr'>Cypr.</span> <span class='ocrx_word' id='word_1_263' title='bbox 858 4078 953 4131; x_wconf 83' lang='lat' dir='ltr'>testim.</span> <span class='ocrx_word' id='word_1_264' title='bbox 968 4078 1010 4145; x_wconf 82' lang='lat'>11,</span> <span class='ocrx_word' id='word_1_265' title='bbox 1023 4080 1062 4131; x_wconf 81' lang='lat'>29</span> <span class='ocrx_word' id='word_1_266' title='bbox 1133 4078 1150 4135; x_wconf 83' lang='lat'><strong>6</strong></span> <span class='ocrx_word' id='word_1_267' title='bbox 1168 4081 1231 4132; x_wconf 83' lang='lat' dir='ltr'>tuuc</span> <span class='ocrx_word' id='word_1_268' title='bbox 1252 4079 1316 4133; x_wconf 84' lang='lat' dir='ltr'>odd.</span> 
     </span>
     <span class='ocr_line' id='line_1_35' title="bbox 186 4162 1316 4232; baseline 0.001 -15"><span class='ocrx_word' id='word_1_269' title='bbox 186 4162 314 4217; x_wconf 68' lang='lat' dir='ltr'>Bursian</span> <span class='ocrx_word' id='word_1_270' title='bbox 330 4165 342 4231; x_wconf 88' lang='grc' dir='ltr'>ΙΙ</span> <span class='ocrx_word' id='word_1_271' title='bbox 360 4163 591 4232; x_wconf 88' lang='lat' dir='ltr'>potentissimeP:</span> <span class='ocrx_word' id='word_1_272' title='bbox 603 4163 808 4232; x_wconf 83' lang='lat' dir='ltr'>potentissimae</span> <span class='ocrx_word' id='word_1_273' title='bbox 820 4181 840 4217; x_wconf 84' lang='lat' dir='ltr'>u</span> <span class='ocrx_word' id='word_1_274' title='bbox 893 4163 910 4219; x_wconf 86' lang='lat'>7</span> <span class='ocrx_word' id='word_1_275' title='bbox 924 4164 1056 4227; x_wconf 80' lang='lat' dir='ltr'>intrnPn,</span> <span class='ocrx_word' id='word_1_276' title='bbox 1070 4164 1267 4232; x_wconf 79' lang='lat' dir='ltr'>enr.Bursion;</span> <span class='ocrx_word' id='word_1_277' title='bbox 1281 4168 1316 4231; x_wconf 80' lang='lat' dir='ltr'>cf.</span> 
     </span>
     <span class='ocr_line' id='line_1_36' title="bbox 185 4246 1282 4330; baseline 0.001 -27"><span class='ocrx_word' id='word_1_278' title='bbox 185 4248 286 4303; x_wconf 82' lang='lat' dir='ltr'>LXX:</span> <span class='ocrx_word' id='word_1_279' title='bbox 304 4248 338 4302; x_wconf 78' lang='grc' dir='ltr'>τὰ</span> <span class='ocrx_word' id='word_1_280' title='bbox 358 4253 422 4319; x_wconf 76' lang='grc' dir='ltr'>βέλη</span> <span class='ocrx_word' id='word_1_281' title='bbox 442 4266 494 4303; x_wconf 86' lang='grc' dir='ltr'>σου</span> <span class='ocrx_word' id='word_1_282' title='bbox 517 4248 687 4320; x_wconf 73' lang='grc' dir='ltr'><strong><em>ἠκονημένα,</em></strong></span> <span class='ocrx_word' id='word_1_283' title='bbox 712 4251 821 4304; x_wconf 66' lang='lat' dir='ltr'>disard·</span> <span class='ocrx_word' id='word_1_284' title='bbox 833 4253 896 4303; x_wconf 76' lang='grc' dir='ltr'>λαοὶ</span> <span class='ocrx_word' id='word_1_285' title='bbox 910 4246 1040 4304; x_wconf 76' lang='grc' dir='ltr'><em>ὑποκάτω</em></span> <span class='ocrx_word' id='word_1_286' title='bbox 1057 4267 1108 4303; x_wconf 84' lang='grc' dir='ltr'>σου</span> <span class='ocrx_word' id='word_1_287' title='bbox 1124 4253 1282 4330; x_wconf 66' lang='lat' dir='ltr'>neooooug.</span> 
     </span>
     <span class='ocr_line' id='line_1_37' title="bbox 185 4334 1326 4412; baseline -0.001 -22"><span class='ocrx_word' id='word_1_288' title='bbox 185 4340 203 4390; x_wconf 89' lang='lat'>8</span> <span class='ocrx_word' id='word_1_289' title='bbox 221 4334 332 4388; x_wconf 85' lang='lat' dir='ltr'>sedisP</span> <span class='ocrx_word' id='word_1_290' title='bbox 395 4334 434 4393; x_wconf 89' lang='grc'>10</span> <span class='ocrx_word' id='word_1_291' title='bbox 450 4335 537 4389; x_wconf 85' lang='lat' dir='ltr'>oleoa</span> <span class='ocrx_word' id='word_1_292' title='bbox 611 4335 646 4392; x_wconf 92' lang='lat'>11</span> <span class='ocrx_word' id='word_1_293' title='bbox 666 4336 733 4390; x_wconf 86' lang='lat' dir='ltr'>aP:</span> <span class='ocrx_word' id='word_1_294' title='bbox 747 4352 842 4405; x_wconf 82' lang='lat' dir='ltr'>praee</span> <span class='ocrx_word' id='word_1_295' title='bbox 865 4337 877 4403; x_wconf 77' lang='lat' dir='ltr'>ll</span> <span class='ocrx_word' id='word_1_296' title='bbox 901 4334 1010 4405; x_wconf 82' lang='lat' dir='ltr'>myrrha</span> <span class='ocrx_word' id='word_1_297' title='bbox 1022 4335 1082 4389; x_wconf 80' lang='lat' dir='ltr'>edd.</span> <span class='ocrx_word' id='word_1_298' title='bbox 1150 4336 1187 4392; x_wconf 90' lang='lat'>13</span> <span class='ocrx_word' id='word_1_299' title='bbox 1199 4336 1326 4412; x_wconf 31' lang='lat' dir='ltr'>mappulis·</span> 
     </span>
     <span class='ocr_line' id='line_1_38' title="bbox 185 4420 1323 4502; baseline 0.003 -29"><span class='ocrx_word' id='word_1_300' title='bbox 185 4422 244 4475; x_wconf 83' lang='lat' dir='ltr'>tate</span> <span class='ocrx_word' id='word_1_301' title='bbox 256 4420 284 4474; x_wconf 92' lang='lat' dir='ltr'><strong><em>P</em></strong></span> <span class='ocrx_word' id='word_1_302' title='bbox 338 4420 375 4478; x_wconf 85' lang='grc'>17</span> <span class='ocrx_word' id='word_1_303' title='bbox 393 4421 523 4492; x_wconf 86' lang='lat' dir='ltr'>regendae</span> <span class='ocrx_word' id='word_1_304' title='bbox 535 4422 563 4475; x_wconf 94' lang='lat' dir='ltr'><strong><em>P</em></strong></span> <span class='ocrx_word' id='word_1_305' title='bbox 614 4420 654 4477; x_wconf 80' lang='lat'>24</span> <span class='ocrx_word' id='word_1_306' title='bbox 672 4424 838 4491; x_wconf 87' lang='lat' dir='ltr'>unguentum</span> <span class='ocrx_word' id='word_1_307' title='bbox 858 4424 937 4475; x_wconf 92' lang='lat' dir='ltr'>tuum</span> <span class='ocrx_word' id='word_1_308' title='bbox 958 4422 1099 4477; x_wconf 81' lang='lat' dir='ltr'>Bursian:</span> <span class='ocrx_word' id='word_1_309' title='bbox 1119 4424 1196 4476; x_wconf 84' lang='lat' dir='ltr'>tuum</span> <span class='ocrx_word' id='word_1_310' title='bbox 1211 4438 1268 4497; x_wconf 56' lang='lat' dir='ltr'>gap,</span> <span class='ocrx_word' id='word_1_311' title='bbox 1281 4422 1323 4502; x_wconf 51' lang='lat' dir='ltr'>Rp</span> 
     </span>
     <span class='ocr_line' id='line_1_39' title="bbox 186 4508 1326 4587; baseline -0.002 -26"><span class='ocrx_word' id='word_1_312' title='bbox 186 4508 352 4575; x_wconf 88' lang='lat' dir='ltr'>unguentum</span> <span class='ocrx_word' id='word_1_313' title='bbox 364 4510 484 4562; x_wconf 85' lang='lat' dir='ltr'>uestrum</span> <span class='ocrx_word' id='word_1_314' title='bbox 496 4525 515 4563; x_wconf 86' lang='lat' dir='ltr'>a</span> <span class='ocrx_word' id='word_1_315' title='bbox 1185 4540 1205 4585; x_wconf 67' lang='lat' dir='ltr'>a</span> <span class='ocrx_word' id='word_1_316' title='bbox 1213 4536 1269 4585; x_wconf 50' lang='lat' dir='ltr'>mg„</span> <span class='ocrx_word' id='word_1_317' title='bbox 1288 4534 1326 4587; x_wconf 74' lang='lat' dir='ltr'>ld:</span> 
     </span>
    </p>
   </div>
   <div class='ocr_carea' id='block_1_5' title="bbox 237 4579 1111 4646">
    <p class='ocr_par' dir='ltr' id='par_1_5' title="bbox 237 4579 1111 4646">
     <span class='ocr_line' id='line_1_40' title="bbox 237 4579 1111 4646; baseline -0.003 0"><span class='ocrx_word' id='word_1_318' title='bbox 237 4607 269 4646; x_wconf 87' lang='lat'>11.</span> <span class='ocrx_word' id='word_1_319' title='bbox 1090 4579 1111 4643; x_wconf 87' lang='grc'>8</span> 
     </span>
    </p>
   </div>
   <div class='ocr_carea' id='block_1_6' title="bbox 0 0 1654 5142">
    <p class='ocr_par' dir='ltr' id='par_1_6' title="bbox 0 0 1654 5142">
     <span class='ocr_line' id='line_1_41' title="bbox 0 0 1654 5142; baseline 0 1"><span class='ocrx_word' id='word_1_320' title='bbox 0 0 1654 5142; x_wconf 95' lang='lat' dir='ltr'> </span> 
     </span>
    </p>
   </div>
  </div>
 </body>
</html>
