3300 5142
372 553 425 608 XX

372 711 508 784 mentis
535 721 751 809 poetarum,
779 710 843 807 qui
870 709 960 782 deos
987 709 1153 782 humana
1179 710 1353 784 facientes
1376 719 1413 782 et
1433 735 1498 807 pa-

371 832 507 904 tientes
532 831 678 931 fingant
701 830 754 932 (p.
779 831 840 920 32,
866 832 912 902 22
937 826 1043 928 sqq.).
1070 855 1172 903 nunc
1199 829 1350 904 demum
1384 832 1502 903 oratio

369 950 411 1024 in
438 949 564 1024 codice
590 949 638 1023 ad
665 974 799 1024 uerum
838 949 1010 1022 ordinem
1050 948 1148 1023 redit
1187 951 1226 1022 in
1265 949 1340 1023 illis
1379 949 1503 1023 uerbis

371 1070 422 1169 (p.
446 1073 506 1159 33,
531 1069 616 1167 22):
653 1069 839 1168 91111190
867 1065 1002 1142 1111111111
1027 1067 1210 1144 hominum
1245 1070 1315 1169 [sic
1342 1071 1504 1144 correxi·

370 1214 457 1262 mus
483 1189 563 1262 eius
589 1189 673 1262 loco
701 1188 801 1287 quod
830 1189 908 1263 cod.
936 1186 1049 1262 habet
1069 1187 1210 1288 horum]
1229 1189 1404 1287 1111191111
1422 1215 1503 1264 con-

370 1321 528 1384 secratos
553 1310 682 1407 uulqccs
708 1333 813 1383 orare
849 1321 881 1382 et
900 1306 1043 1407 publice
1077 1311 1188 1384 colere
1211 1319 1277 1382 etc.
1319 1335 1342 1381 a
1368 1309 1504 1406 quibus

370 1454 471 1503 noua
509 1453 597 1527 pars
637 1428 920 1528 disputationis,
953 1428 1145 1502 idolorum
1171 1429 1318 1520 irrisio,
1347 1429 1502 1502 orditur.

371 1558 562 1622 utentem
584 1548 707 1647 prima
729 1548 913 1646 partium,
937 1573 1030 1646 quas
1054 1549 1167 1622 modo
1187 1551 1502 1639 enumerauimus,

371 1669 553 1742 sententis
579 1668 745 1765 generali
772 1667 1007 1741 concluditur
1048 1671 1100 1766 (p.
1126 1671 1186 1758 31,
1218 1672 1239 1742 6
1267 1671 1361 1743 uode
1387 1669 1503 1742 mcci·

360 1789 498 1885 festam
523 1799 571 1861 est
596 1786 755 1862 homines
780 1787 859 1861 silos
871 1788 987 1884 fuisse
1010 1790 1117 1884 etc),
1146 1789 1199 1861 sic
1222 1799 1392 1862 extrema
1416 1813 1504 1886 quo·

370 1934 443 2006 que
482 1907 554 1981 illis
594 1907 720 1980 uerbis
746 1909 867 2006 p.33,
895 1910 957 1980 18:
992 1906 1047 1981 lus
1081 1921 1183 2007 utqtce
1207 1906 1413 1984 huiusmodi
1430 1907 1504 2007 fly-

369 2027 527 2102 mcntc's..
555 2039 831 2124 corrumpuntur
858 2027 1002 2125 1119111111
1021 2053 1220 2127 puerorum
1241 2039 1308 2102 etc.
1349 2029 1415 2102 sed
1452 2053 1504 2102 re·

369 2148 553 2245 linquitur
579 2172 717 2243 magna
756 2146 975 2238 difficultas3
1019 2149 1137 2222 uerba
1176 2149 1275 2222 enim
1315 2159 1502 2248 corrupta,

369 2294 465 2366 quae
504 2294 539 2367 p.
563 2269 624 2358 31,
657 2267 886 2366 lleguntur
929 2261 973 2341 ‘et
1011 2268 1163 2366 despicis
1201 2269 1373 2343 1111111-
1393 2268 1504 2343 Ostiis

369 2380 549 2463 tumulum'
573 2413 649 2461 non
677 2388 882 2487 quadrant,
911 2388 993 2461 siue
1020 2388 1224 2462 uerborum
1251 2389 1422 2463 ordinem
1450 2413 1501 2462 se·

370 2534 488 2605 quere
527 2509 567 2580 in
606 2509 733 2582 codice
772 2507 955 2581 traditum
997 2509 1077 2581 siue
1102 2509 1238 2582 rectius
1266 2534 1288 2583 e
1314 2507 1503 2583 Lindnero

371 2630 627 2701 constitutum.
654 2639 876 2727 putaueram
905 2627 1110 2725 aliquando
1143 2639 1228 2702 ante
1260 2630 1351 2703 haec
1387 2630 1504 2703 uerba
1596 2633 1597 2644 ’

370 2747 556 2821 nonnulla
578 2748 828 2839 intercidisse,
851 2746 917 2822 sed
940 2750 1070 2821 uerius
1094 2749 1245 2822 uidetur
1268 2749 1370 2848 quod
1393 2749 1503 2824 Vah·

241 2949 247 2959 ,
369 2865 528 2941 lenius
555 2869 600 2940 de
626 2869 709 2941 loco
736 2867 786 2940 ad
811 2893 872 2941 me
895 2869 1103 2966 rescripsit:
1130 2862 1240 2942 ‘Cum
1263 2871 1503 2943 manifestum

370 2986 544 3061 uideatur
570 3013 594 3060 a
618 2986 745 3061 uerbis
770 2984 965 3062 Considera
988 2988 1133 3086 denique
1154 3015 1260 3064 socru
1283 2991 1335 3088 (p.
1356 2994 1417 3081 31,
1440 2993 1503 3086 10)

370 3133 509 3183 nouam
544 3106 808 3207 disputationis
834 3117 979 3204 partem
1006 3109 1157 3182 initium
1180 3135 1328 3208 capere,
1357 3121 1403 3183 ut
1427 3111 1502 3183 illis

370 3252 467 3325 quae
508 3227 734 3302 antecedunt
770 3227 1203 3324 <111111111111111]11111111111
1236 3227 1395 3304 homines
1425 3229 1503 3304 illos

365 3335 483 3437 suesse'
507 3357 574 3422 eto
602 3353 655 3446 (p.
679 3351 739 3439 31,
765 3347 803 3442 6)
832 3347 933 3445 prior
960 3348 1212 3439 concluditur,
1239 3350 1318 3423 fere
1345 3361 1503 3448 apparet

368 3466 470 3541 inter
491 3468 587 3541 hanc
607 3467 745 3565 prioris
769 3468 1048 3542 conclusionem
1070 3480 1106 3542 et
1128 3469 1324 3542 exordium
1348 3494 1503 3568 sequen·

369 3587 417 3660 tis
443 3586 539 3660 nihil
565 3587 605 3660 in
631 3587 754 3661 medio
791 3587 977 3686 interponi
1017 3590 1192 3687 potuisse.
1233 3587 1336 3686 quod
1375 3601 1504 3664 autem

368 3705 556 3781 Minucius
594 3708 680 3782 inde
718 3733 845 3806 acap.
869 3711 915 3781 21
945 3733 993 3781 ex
1020 3711 1244 3807 sapientium
1284 3720 1321 3783 et
1354 3710 1502 3785 histori-

369 3852 501 3903 corum
541 3828 785 3926 probauerat‚
841 3829 929 3903 deos
969 3830 1034 3927 qui
1074 3840 1298 3927 putarentur
1333 3831 1503 3905 homines

368 3949 499 4039 fnisse,
540 3949 640 4022 idem
674 3950 748 4022 iam
786 3974 834 4023 ex
861 3950 1048 4050 mysteriis
1076 3949 1233 4024 deorum
1261 3953 1355 4050 (non
1382 3951 1502 4025 solius

368 4067 495 4166 Isidis)
523 4067 764 4142 demonstrat.
801 4069 903 4144 idem
929 4080 984 4144 est
1011 4071 1345 4168 argumentationis
1368 4095 1502 4146 cursus

369 4184 472 4286 apud
508 4185 763 4280 Lactantium,
807 4190 869 4262 cui
910 4187 1060 4263 Minucii
1100 4190 1268 4287 libellum
1296 4191 1344 4264 ob
1370 4192 1502 4267 oculos

368 4317 562 4382 uersatum
605 4335 685 4383 esse
724 4309 834 4383 facile
871 4309 1118 4409 intellegitur,
1163 4313 1202 4384 in
1234 4310 1321 4385 Diu.
1356 4309 1448 4384 Inst.
1471 4311 1501 4400 I,

368 4452 399 4501 c.
426 4431 493 4500 17:
525 4424 669 4505 Clarum
695 4442 744 4505 est
769 4429 879 4528 1911111
903 4429 1062 4506 homines
1083 4431 1202 4528 scisse
1226 4433 1322 4523 illos,
1362 4431 1424 4531 qui
1448 4431 1505 4507 dii
