3300 5142
200 1262 229 1345 Ι.
261 1261 443 1366 Epistula
468 1259 605 1346 Sancti
631 1259 769 1346 Seueri
794 1259 1021 1363 Presbyteri
1047 1259 1097 1343 ad
1123 1259 1323 1344 Claudiam

365 1421 539 1483 sorerem
566 1420 679 1483 suam
705 1399 753 1482 de
778 1398 922 1482 ultime
947 1397 1153 1498 iudieie.*)

242 1785 345 1883 [lesdis
360 1823 489 1898 epistolis
503 1824 562 1883 tais
572 1823 663 1883 malle
674 1825 755 1883 mede
767 1840 817 1897 per
828 1826 935 1882 medum
946 1823 1079 1882 allecium
1090 1823 1216 1883 lacrimis
1226 1827 1322 1882 tenere
1334 1828 1349 1882 l

197 1945 254 1988 nen
276 1927 370 2002 peimi:
399 1943 465 1985 nam
488 1930 518 1985 ed
537 1927 641 2001 gaudie
665 1927 784 1998 deiram,
813 1927 888 2001 quod
911 1928 940 1985 ie
961 1929 1114 1986 seeundum
1134 1926 1247 1986 Domini
1270 1925 1322 1986 Dei

164 2045 176 2083 ⁵
198 2032 289 2091 uestri
302 2033 453 2105 praesepia
473 2030 569 2089 uiuere
592 2047 626 2089 er
646 2046 772 2088 sermone
791 2031 853 2103 ipse
874 2029 1035 2088 litterarum
1062 2031 1176 2088 tuarum
1195 2033 1323 2103 peterem

198 2151 363 2209 agueseere,
385 2136 503 2206 elprae
524 2133 662 2191 desiderio
682 2133 726 2190 dui
746 2149 803 2191 nen
825 2135 953 2206 poderam
975 2150 1031 2192 nen
1052 2133 1160 2232 delere,
1183 2134 1258 2206 qued
1272 2149 1324 2206 per

198 2253 337 2298 summam
359 2253 376 2295 a
396 2240 425 2295 te
448 2235 582 2294 iniuriam
604 2235 765 2308 alienabar,
790 2235 943 2294 silitleras
958 2253 1014 2295 nou
1029 2235 1164 2296 misisses.
1186 2235 1240 2294 tali
1256 2252 1322 2308 erge

198 2354 292 2400 serere
312 2357 368 2398 neu
388 2336 518 2398 fruerer?
541 2341 632 2397 tester
657 2342 753 2397 antem
780 2337 904 2397 salutem
932 2339 1026 2397 inem:
1059 2340 1194 2411 persaepe
1216 2338 1252 2396 ed
1271 2354 1324 2396 ues

197 2442 295 2502 uenire
309 2442 404 2513 uolui,
427 2443 476 2500 sed
490 2459 580 2515 usque
594 2442 687 2500 adlrue
700 2441 854 2514 impeditus
869 2458 946 2513 sum,
970 2441 1125 2500 obsistente
1145 2457 1177 2500 ee
1192 2440 1242 2514 qui
1256 2457 1323 2499 een·

164 2567 190 2606 ιο
198 2546 293 2605 suauii
307 2545 453 2604 obsistere.
476 2561 542 2602 nam
557 2547 586 2603 el
600 2544 771 2603 festinabam
785 2544 924 2602 desiderio
939 2560 1000 2604 mee
1023 2544 1053 2602 im
1075 2545 1124 2602 duo
1145 2545 1261 2616 aspectu
1276 2559 1324 2602 sa-

198 2648 344 2719 tisfacere,
368 2651 397 2706 et
421 2664 492 2719 epus
511 2647 625 2706 Domini
643 2647 734 2706 uestri
754 2647 829 2706 inter
849 2664 900 2706 nes
921 2647 1012 2706 obiter
1032 2647 1199 2705 uidebamur
1221 2646 1322 2718 aetum,

198 2769 262 2810 eum
277 2749 352 2809 alter
366 2749 488 2808 alierum
502 2750 687 2821 eenselaude,
707 2750 817 2809 ealeala
837 2767 855 2807 a
870 2750 951 2808 nobis
973 2750 1047 2808 mele
1062 2749 1187 2822 saeculi,
1211 2749 1323 2808 uiuere·

198 2869 272 2912 mus.
293 2854 343 2912 sed
357 2852 415 2911 iem
430 2869 481 2926 ege
495 2852 629 2911 uendendi
643 2853 718 2911 diem
732 2855 901 2925 tempusque
915 2869 972 2912 nen
988 2853 1094 2925 statue,
1116 2852 1184 2926 quia
1198 2852 1324 2925 quoties-

199 2972 319 3029 eumque
333 2955 432 3025 statui,
448 2955 566 3027 implere
580 2972 637 3014 neu
651 2954 747 3028 potui:
762 2955 876 3013 Domini
891 2955 1021 3028 opperiar
1035 2954 1213 3014 uoluntatem
1228 2971 1324 3028 spere·

165 3081 190 3119 rs
199 3075 254 3132 que
275 3059 350 3132 qued
374 3058 445 3117 meis
460 3059 535 3117 uetis
556 3060 585 3117 et
600 3057 775 3117 erationibus
789 3057 849 3116 tuis
864 3059 899 3116 de
913 3059 1012 3116 nestra
1026 3075 1077 3117 nes
1092 3057 1217 3117 fraudum
1237 3056 1324 3116 faeiat

199 3177 298 3234 eapere
311 3160 480 3234 praesentia.
1296 3211 1300 3218 .

243 3262 373 3322 Celerum
393 3264 468 3336 qued
490 3279 509 3320 a
528 3279 573 3321 me
594 3262 625 3321 in
649 3261 781 3322 omnibus
805 3262 950 3336 epistolis,
978 3279 1050 3336 quas
1076 3263 1112 3322 ad
1132 3265 1162 3322 da
1182 3261 1355 3334 miserruma

199 3365 279 3424 uitae
292 3382 326 3424 ae
339 3365 406 3424 ddei
419 3368 487 3424 tuae
501 3368 652 3438 praesepta
666 3365 852 3438 desiderasti,
874 3364 932 3424 iam
951 3382 1002 3438 per
1017 3365 1219 3424 adsiduitatem
1234 3365 1324 3438 serip-

200 3470 294 3527 ierum
314 3484 439 3527 meorum
460 3468 548 3526 uerba
569 3467 744 3541 consumpsi:
770 3467 845 3526 nihil
871 3484 976 3526 menum
1000 3468 1055 3527 tibi
1074 3468 1225 3528 rescribere
1245 3469 1326 3527 medu'

166 3587 332 3645 messum,
356 3571 431 3645 qued
450 3573 517 3629 anie
537 3589 594 3630 nen
621 3570 792 3644 seripserim.
816 3573 845 3630 ed
867 3587 935 3630 saue
955 3571 1078 3645 propitio
1103 3572 1161 3631 Dee
1186 3572 1245 3630 iam
1270 3589 1326 3631 nou

200 3673 312 3748 indiges
322 3673 480 3745 muneri,
503 3689 576 3747 quae
589 3673 673 3732 fidem
688 3673 765 3732 inter
777 3673 919 3747 principie
933 3691 1130 3734 eonsummaus
1144 3675 1275 3733 deuuiam
1296 3673 1326 3732 iu

201 3775 314 3835 Christe
333 3775 448 3836 exhibes
468 3776 626 3836 cantelam.
649 3793 737 3835 unum
756 3778 853 3835 munem
874 3793 988 3850 mense,
1011 3793 1047 3836 ne
1061 3779 1226 3836 uausemea
1245 3793 1326 3849 repe·

251 3993 277 4061 *)
295 3992 422 4046 Primum
433 3991 508 4046 editu
516 4009 535 4045 a
544 3991 661 4048 Buluza'e
669 3993 701 4047 in
713 3992 828 4048 Minucii.
843 3993 868 4061 1,
882 3994 939 4046 329
949 4009 1003 4063 epp.
1016 4009 1050 4046 ear
1059 3993 1150 4050 codice
1160 3992 1267 4062 cellapii
1277 3991 1325 4046 SS.

202 4083 228 4132 ei
246 4077 336 4131 indie.
362 4079 509 4132 Trinitatis
534 4078 768 4149 Guniudripimeis
788 4079 836 4147 (B,
857 4081 886 4146 2,
907 4080 962 4146 35).
985 4077 1056 4134 O:
1074 4078 1158 4132 eedea
1179 4078 1327 4133 Cantabri-

201 4164 317 4233 pamm
335 4161 399 4217 a:
411 4163 494 4217 esau
506 4163 627 4218 meuse

253 4249 362 4308 berb.-
382 4249 450 4304 edi)
510 4251 528 4306 6
545 4266 593 4319 pre
604 4249 733 4304 desiderio
751 4251 767 4305 l>
819 4250 838 4307 7
857 4249 1051 4304 iniurismate
1063 4249 1181 4304 malebat
1206 4247 1328 4305 merim

255 4335 291 4392 13
309 4350 359 4405 ege
371 4350 420 4389 ene.
439 4335 455 4390 b
524 4335 562 4393 14
579 4335 683 4405 operiet
705 4335 754 4400 Ob,
774 4335 895 4405 opperior
920 4335 1042 4391 dimicas
1121 4335 1158 4394 15
1176 4350 1268 4405 erpere
1289 4334 1327 4388 la-

202 4419 284 4475 maid
346 4420 383 4478 16
395 4421 546 4491 praesentia
560 4421 634 4489 ΟΜ
645 4421 761 4476 mitrii
769 4421 930 4489 Baluaiaass
943 4421 1169 4490 perseuerandieb
1234 4420 1271 4478 18
1283 4420 1327 4475 de·

203 4505 328 4560 mulerasti
338 4507 450 4575 respa:
468 4506 620 4561 desiderans
637 4507 675 4562 σὺ
