3300 5142
364 521 406 585 18
770 517 918 574 Minucii
934 517 1064 573 Felicis

331 674 445 742 edocti
461 676 602 760 gloriose.
625 675 716 759 quid,
739 674 908 741 Simonidis
922 673 1026 744 melici
1040 691 1138 738 nonne
1153 671 1334 739 admiranda
1347 669 1495 737 omnibus

361 779 394 844 et
407 779 552 845 metanda
566 781 745 845 omotatio?
759 780 813 862 qui
828 777 1019 856 Simonides,
1041 796 1113 842 cnm
1127 777 1165 842 de
1179 794 1230 856 oo,
1245 776 1321 859 quid
1337 777 1371 841 et
1385 774 1496 858 qualos

360 881 565 948 arbitraretur
579 884 667 962 deos,
689 883 729 948 ab
743 883 878 948 Hierone
901 885 1031 966 tyranno
1052 883 1267 964 quaereretur,
1290 881 1391 964 primo
1413 878 1495 944 deli·

359 985 512 1052 berationi
528 987 612 1052 diem
626 986 728 1069 petiit,
743 986 893 1070 postridie
907 985 1038 1050 biduum
1052 984 1248 1069 prorogauit,
1271 1001 1342 1048 mox
1356 982 1494 1048 altarum

360 1089 485 1156 tartum
499 1089 675 1154 admonitus
694 1090 846 1155 adiunxit.
870 1091 1025 1173 postremo
1045 1107 1117 1153 cum
1137 1105 1244 1154 musas
1267 1087 1372 1152 tantae
1386 1105 1494 1152 morae
1513 1109 1522 1146 r

314 1209 318 1217 ’
360 1193 512 1275 tyrannus
531 1193 716 1276 inquireret,
738 1194 897 1278 respondit
916 1193 986 1272 ille,
1009 1193 1090 1278 quod
1113 1192 1173 1258 sibi
1194 1193 1309 1274 quanto
1329 1191 1494 1272 inquisitio

330 1295 478 1362 btardior
497 1298 651 1380 pergeret,
673 1299 761 1363 tanto
775 1298 892 1362 ueritas
907 1297 993 1362 fieret
1007 1297 1172 1362 obscurior.
1195 1313 1264 1359 moa
1282 1312 1404 1377 quoque
1426 1294 1494 1377 opi-

359 1397 451 1464 nione
475 1417 554 1480 quse
578 1401 652 1465 sunt
678 1400 789 1478 dubu,
811 1403 849 1466 ut
868 1402 956 1480 sunt,
979 1399 1179 1484 relinquenda
1194 1399 1284 1476 sunt,
1308 1416 1364 1462 noo
1383 1397 1437 1463 tot
1459 1417 1493 1462 ac

359 1502 457 1568 tantis
471 1502 549 1568 uiris
564 1503 805 1569 deliberantibus
824 1505 940 1570 umere
955 1506 987 1568 ot
1006 1503 1164 1569 audaciter
1177 1503 1211 1566 in
1224 1501 1355 1566 alteram
1369 1502 1493 1583 partem
1603 1571 1604 1576 ἵ

359 1603 485 1670 terenda
498 1607 653 1673 sentemia
665 1609 730 1686 est,
745 1627 784 1673 ne
797 1609 853 1672 aut
867 1608 959 1674 anilis
974 1607 1138 1673 inducatur
1151 1604 1331 1691 superstitio
1352 1607 1409 1670 aut
1424 1623 1493 1668 om·
1507 1629 1527 1668 o

359 1707 409 1772 nis
423 1709 534 1792 religio
547 1709 734 1776 destruatur.

311 1802 349 1866 14
403 1808 455 1876 Sic
468 1809 621 1878 Caecilius
635 1814 667 1878 et
681 1813 822 1880 renidens
844 1815 930 1899 (nam
945 1814 1168 1899 indignationis
1188 1813 1254 1878 eius
1275 1813 1431 1878 tumorem
1447 1809 1492 1876 ef·

357 1913 445 1980 fusae
459 1915 606 1981 orationis
620 1917 756 1999 impetus
770 1918 991 2003 retaxaueret):
1010 1917 1129 2000 Ecquid
1144 1917 1184 1982 ad
1198 1915 1289 1994 baec,
1312 1916 1373 1992 ait,
1396 1914 1493 1980 audet

358 2015 524 2096 Octauius,
546 2018 638 2084 homo
660 2019 825 2086 Plautinae
851 2023 1023 2104 prosapiae,
1047 2022 1083 2086 ut
1104 2019 1350 2085 Christianorum
1371 2019 1491 2100 praeci·

329 2133 454 2203 uptus,
488 2121 535 2187 ita
559 2125 731 2204 postrenum
756 2124 1032 2208 pbilosophorum?
1054 2123 1164 2201 Parce,
1193 2123 1336 2205 inquam,
1360 2122 1393 2186 in
1419 2139 1519 2187 eunus

357 2223 518 2307 plaudere:
541 2245 640 2308 neque
653 2227 737 2292 onim
750 2228 838 2310 prins
852 2229 991 2294 exultare
1012 2229 1043 2292 te
1063 2227 1194 2311 dignum
1215 2227 1263 2291 est
1284 2225 1490 2290 concinnitate
1603 2217 1604 2224 '

357 2328 524 2407 sermonis,
540 2348 634 2411 quam
648 2331 804 2412 utrimque
818 2331 940 2413 plenius
956 2331 1049 2398 buerit
1064 2333 1251 2412 peroratum,
1268 2329 1403 2394 maxime
1419 2347 1489 2393 cnm

327 2443 418 2498 snon
437 2432 539 2510 laudi,
566 2435 614 2498 set
634 2434 761 2499 ueritati
784 2435 967 2518 disceptatio
983 2437 1087 2500 uestra
1100 2434 1228 2499 nitatur.
1253 2435 1285 2498 et
1299 2451 1489 2516 quamquam

357 2552 507 2617 magnum
522 2535 556 2600 in
571 2537 699 2602 modum
713 2557 763 2602 me
778 2538 889 2604 subtili
904 2539 1053 2604 canetae
1068 2539 1124 2604 tus
1138 2536 1300 2602 delectarit
1314 2536 1426 2612 oratio,
1442 2537 1490 2600 ta-

358 2655 429 2701 men
447 2637 543 2702 altius
557 2656 693 2717 moneor,
708 2657 768 2705 nou
788 2641 827 2706 de
847 2643 999 2724 praesenti
1019 2642 1153 2719 actione,
1176 2640 1229 2704 sod
1244 2639 1283 2708 ds
1297 2641 1364 2705 toto
1379 2657 1519 2722 generes

356 2738 553 2821 disputandi,
569 2741 650 2824 quod
663 2743 845 2826 plemmque
859 2764 914 2828 pro
929 2745 1148 2810 disserentium
1162 2743 1282 2810 uiribus
1297 2744 1329 2808 et
1344 2743 1490 2825 eloquen-

328 2841 419 2906 4tise
432 2845 587 2925 potestate
601 2846 697 2912 etiam
710 2848 889 2930 perspicuae
904 2849 1047 2913 ueritatis
1063 2847 1201 2914 condicio
1216 2847 1365 2911 mutetur.
1389 2845 1424 2910 id
1439 2863 1489 2910 ac·

358 2945 459 3012 cidere
473 2950 635 3030 pernotum
650 2952 698 3014 est
712 2951 889 3016 auditorum
905 2951 1071 3030 facilitate,
1095 2952 1149 3034 qui
1164 2952 1240 3016 dum
1254 2949 1420 3014 uerborum
1444 2949 1490 3014 le-

357 3051 478 3116 nocinio
492 3069 511 3116 a
524 3071 628 3117 rerum
641 3053 864 3119 intentionibus
886 3057 1067 3134 auocantnr,
1091 3054 1157 3120 sine
1176 3053 1293 3119 dilectu
1308 3053 1489 3119 adsentiun-
1601 3039 1602 3054 ἢ

357 3153 411 3218 tur
424 3154 516 3219 dictis
538 3156 680 3221 omnibus
700 3177 757 3223 nec
770 3177 790 3224 a
804 3159 896 3224 rectis
911 3158 990 3224 falsa
1004 3159 1181 3238 secemnnt,
1203 3157 1373 3224 nescientes
1388 3157 1518 3222 inesses

412 3459 427 3515 1
447 3459 591 3514 Simonidis
602 3463 692 3516 melici
703 3479 734 3517 r:
746 3463 890 3518 simonides
903 3464 1001 3518 melchi
1014 3465 1042 3518 P
1087 3465 1106 3521 2
1119 3465 1268 3520 Simonides
1279 3465 1404 3520 Worosro
1415 3466 1487 3536 plos-

358 3559 432 3599 sema
442 3545 592 3600 uidebatur
643 3547 663 3605 3
680 3551 869 3617 querereturP
918 3551 940 3606 4
956 3551 1027 3620 petit
1038 3550 1181 3620 posttridie
1187 3551 1224 3619 P,
1236 3567 1284 3605 cra
1298 3552 1355 3606 tur·
1378 3551 1391 3620 ΙΙ
1412 3567 1489 3622 prse-

357 3631 467 3700 rogauit
483 3631 602 3687 Vrsinus
662 3635 682 3692 5
699 3635 822 3690 adiunxit
835 3637 876 3704 P,
894 3637 942 3690 sed
963 3653 979 3690 x
1000 3639 1033 3691 ia
1052 3651 1107 3691 ros.
1130 3638 1215 3692 trium
1227 3635 1384 3705 duacum
1402 3655 1443 3693 aa
1454 3655 1490 3694 ss

359 3717 516 3772 adiuuerit?
570 3719 607 3776 12
625 3720 747 3775 renidens
759 3738 790 3775 r:
807 3723 928 3777 renitens
940 3724 968 3777 P
1033 3725 1070 3781 13
1088 3723 1183 3792 ecquid
1198 3723 1333 3778 Vrsinus.-
1352 3725 1381 3778 et
1392 3727 1439 3792 qui
1452 3726 1488 3794 P,
1599 3759 1600 3776 r

358 3806 461 3880 etquid
473 3823 489 3860 r
537 3809 574 3865 14
586 3807 799 3863 Cbmstianorum
811 3809 931 3864 Sticber:
943 3810 1075 3880 pistorum
1085 3811 1113 3865 P
1121 3813 1168 3878 (ecc
1176 3811 1318 3878 scripturo
1327 3802 1490 3868 mnrium

357 3897 405 3951 se
416 3882 569 3965 referes),
588 3896 745 3964 rerumne.
760 3911 781 3949 e.
795 3896 1140 3968 antecessorumque.
1156 3897 1317 3953 mosaco
1328 3899 1407 3968 apso
1418 3900 1489 3954 sss-

357 3982 478 4050 denam
496 3982 659 4051 ‘pbrtcsopbi
670 3988 853 4050 opponuntur
865 3984 1043 4051 cbristrbnie,
1056 3984 1106 4052 qui
1122 3989 1156 4038 rot
1166 3983 1251 4038 rrcdm
1262 3985 1420 4038 litterarum
1431 4001 1487 4040 osr-

358 4070 439 4124 m'ros
458 4075 542 4137 atquc
561 4074 686 4137 expertes
707 4069 755 4136 (cf.
774 4072 800 4137 5,
819 4071 850 4136 4)
861 4069 947 4138 culpo
961 4069 1184 4138 despicerentur,
1202 4085 1374 4139 quorumque
1393 4071 1490 4141 reticio

359 4160 500 4222 tanquam
519 4156 641 4209 multitia
660 4160 744 4223 atquc
763 4156 887 4209 amentio
897 4171 948 4209 suo
961 4156 1042 4224 quusi
1057 4157 1169 4210 omnine
1184 4155 1304 4224 quodum
1315 4163 1343 4211 et
1354 4157 1490 4212 muni

359 4239 483 4294 ludubrio
492 4241 601 4308 publice
613 4240 769 4295 ridoercrt
819 4241 857 4299 15
869 4241 1031 4296 filosoforum
1043 4242 1071 4296 P
1119 4241 1155 4298 17
1170 4243 1324 4312 utrinquer
1347 4244 1359 4310 ΙΙ
1383 4243 1489 4312 penitus

360 4325 388 4380 J.
401 4325 454 4381 Fr.
472 4325 633 4381 Grmrosim
685 4326 722 4383 18
741 4327 815 4380 laudi
829 4326 875 4381 sed
891 4327 1035 4382 Gdeoics:
1054 4327 1143 4382 laudis
1155 4331 1183 4382 et
1200 4328 1239 4392 P,
1258 4328 1333 4383 leudi
1349 4329 1395 4383 ssd
1412 4332 1441 4382 et
1457 4345 1489 4396 η

359 4413 440 4466 laudo
452 4412 499 4466 sed
515 4413 631 4467 uerimtc
646 4413 782 4468 Oetlorius
804 4415 817 4481 ΙΙ
840 4415 921 4468 immo
944 4415 1091 4479 annitatur,
1114 4421 1146 4469 ut
1163 4414 1278 4470 datium
1299 4413 1373 4468 laudi
1389 4417 1490 4471 babeat

359 4498 550 4569 cosdepeadct
609 4499 649 4556 24
665 4499 767 4553 dilcctt
779 4501 815 4568 P,
833 4499 967 4555 delectur
