3300 5142
1299 581 1340 630 11

214 711 418 790 Veronensi
441 713 636 788 defluxisse
660 724 758 787 certo
781 724 945 813 apparet.
980 739 1027 788 ex
1058 714 1168 789 altera
1194 716 1340 810 familia,

210 834 260 906 ad
283 859 389 932 quam
413 860 495 933 pars
517 833 625 932 longe
647 833 762 907 maior
782 833 958 909 librorum
992 835 1341 936 manuscriptorum

214 953 396 1053 pertinere
433 953 596 1046 uidetur,
633 955 720 1028 satis
756 955 949 1029 habuimus
983 965 1058 1028 tres
1091 953 1204 1030 libros
1238 955 1342 1029 adhi-

214 1071 356 1164 buisse,
392 1098 438 1146 ne
468 1073 582 1147 nimia
611 1074 807 1148 lectionum
840 1073 1121 1174 discrepantium
1144 1074 1238 1148 mole
1260 1101 1342 1175 per·

208 1193 382 1290 spicuitas
404 1192 601 1266 tolleretur.
624 1194 756 1268 horum
780 1221 873 1268 unus
896 1206 951 1269 est
968 1195 1086 1268 codex
1100 1192 1342 1284 Quodlinbur·
1364 1241 1382 1260 a

208 1311 335 1411 gensis
369 1311 510 1386 saeculo
547 1311 656 1388 VIIII
679 1314 837 1414 scriptus
874 1317 924 1412 (v.
947 1313 1083 1387 Pertzii
1104 1314 1215 1389 Arch.
1239 1312 1341 1407 VIII,

216 1434 326 1530 660),
359 1431 460 1506 cuius
492 1431 665 1507 lectiones
688 1433 861 1508 Tobiae
882 1433 1152 1508 Eckhardus
1181 1432 1218 1506 in
1248 1433 1341 1508 libro

210 1551 266 1626 sic
300 1551 476 1651 inscripto
512 1552 732 1653 publicauit:
778 1546 941 1628 ‘Codices
979 1578 1064 1626 mss,
1101 1551 1343 1642 Quedlinbur·

208 1696 352 1768 genses.
376 1670 641 1771 Quedlinburgi
668 1675 776 1746 1723.
801 1671 856 1746 4⁰'
885 1701 919 1773 p.
944 1676 990 1746 57
1015 1699 1093 1770 sqq.
1125 1673 1189 1745 sed
1210 1672 1342 1747 multas

214 1791 387 1864 lectiones
410 1791 454 1864 ab
478 1793 670 1866 Echhardo
706 1793 975 1892 praetermissas
1009 1816 1087 1865 esse
1122 1817 1169 1864 ex
1200 1790 1342 1866 duobus

212 1911 315 1985 tibris
339 1911 499 1984 eiusdem
521 1913 695 2003 familiae,
735 1938 828 2011 quos
857 1913 927 2013 ipsi
959 1909 1205 2001 excussimuS,
1242 1923 1342 1986 certo

214 2030 392 2104 leonicere
413 2031 504 2104 licet.
525 2032 656 2106 horum
670 2033 758 2106 alter
781 2045 837 2106 est
856 2033 971 2107 codex
989 2029 1073 2104 olim
1088 2029 1118 2104 F
1118 2029 1341 2128 risingensis,

214 2176 311 2225 nunc
332 2151 557 2223 Monacensis
581 2152 657 2248 (lat.
688 2178 722 2225 n.
748 2153 885 2248 6326),
918 2149 1058 2224 saeculo
1089 2149 1229 2222 decimo
1257 2175 1343 2225 con·
1359 2187 1374 2202 ν

211 2271 387 2369 scriptus,
425 2269 514 2342 alter
537 2269 628 2343 olim
653 2269 890 2344 bibliothecae
918 2271 1152 2367 Augustanae
1173 2268 1341 2362 ciuitatis,
1373 2334 1378 2342 .

216 2416 313 2464 nunc
335 2392 421 2464 item
445 2391 671 2464 Monacensis
696 2390 775 2487 (lat.
798 2417 834 2463 n.
859 2387 976 2487 3711)
1000 2413 1089 2462 saec.
1111 2387 1175 2461 XI.

267 2629 447 2729 Vulgatae
479 2655 586 2727 quam
616 2642 750 2703 uocant
778 2629 942 2704 lectionis
973 2628 1065 2702 ratio
1087 2629 1125 2702 in
1156 2630 1213 2703 his
1241 2629 1342 2704 libris

211 2759 288 2822 tam
312 2748 501 2848 peculiaris
525 2760 604 2837 est,
630 2759 767 2822 utnon
791 2751 911 2848 possit
933 2747 1075 2822 silentio
1104 2749 1344 2849 praetermitti

212 2893 298 2941 cum
322 2868 415 2942 enim
440 2867 753 2966 Wolsgangus
776 2867 943 2942 Lanius
966 2869 1054 2942 haec
1075 2870 1248 2968 opuscula
1269 2870 1342 2969 pri·

216 3014 312 3079 mus,
350 2999 391 3061 ut
422 2987 490 3062 sibi
525 2987 735 3078 uidebatur,
771 2987 807 3059 in
831 2988 946 3061 lucem
969 2989 1209 3087 protraxisset
1231 3000 1268 3063 et
1297 2989 1343 3062 ad

209 3107 347 3182 calcem
381 3105 686 3181 Pseudo-Abdiae
708 3106 900 3205 Babylonii
923 3133 970 3180 ex
994 3108 1117 3182 codice
1138 3108 1263 3182 multis
1289 3107 1342 3181 ui-

215 3227 276 3301 tiis
299 3227 488 3325 inquinato
510 3226 671 3300 Basileae
696 3254 725 3299 a.
748 3231 846 3300 1551
872 3226 1064 3317 edidisset,
1098 3226 1344 3302 Giaelinus

215 3346 279 3446 qui
302 3373 385 3420 eum
408 3357 552 3421 secutus
575 3357 649 3438 est,
686 3371 734 3420 ex
756 3371 889 3420 nouem
911 3346 1115 3436 codicibus,
1152 3373 1243 3446 quos
1265 3345 1343 3447 ipse

212 3465 446 3558 adhibuerat,
470 3467 582 3540 multa
600 3466 745 3564 quidem
766 3467 857 3539 uitia
874 3466 1095 3558 emendauit,
1117 3466 1181 3540 sed
1200 3466 1243 3539 ab
1265 3467 1344 3540 uni·

217 3611 323 3660 uerso
338 3585 507 3660 editionis
521 3585 695 3659 Lazianae
715 3587 950 3660 fundamento
964 3613 1037 3659 non
1052 3586 1212 3661 recessit.
1236 3597 1344 3685 atque

215 3705 266 3780 ita
289 3706 431 3780 exstitit
453 3706 558 3780 lectio
581 3707 747 3804 uulgata,
771 3731 817 3779 ex
841 3705 965 3780 codice
988 3705 1111 3780 multis
1133 3705 1342 3780 mendis‘re-

216 3826 314 3925 pleto
343 3825 505 3926 profecta
538 3851 655 3923 neque
684 3836 892 3900 constanter
922 3852 969 3900 ex
1000 3825 1101 3900 libris
1134 3824 1342 3899 melioribus

213 3961 442 4046 perpurgata.
478 3946 583 4018 aliam
606 3944 822 4020 haberemus
847 3946 1050 4044 uulgatam,
1080 3945 1111 4019 si
1142 3943 1365 4018 editoribus.-

169 4111 171 4116 .
215 4066 419 4165 prioribus,
451 4065 490 4139 id
513 4066 612 4164 quod
634 4065 679 4138 H.
702 4069 746 4140 de
770 4066 880 4139 Prato
902 4065 1039 4166 primus
1066 4065 1227 4153 monuit,
1258 4090 1343 4163 cog·

214 4186 332 4260 nitum
352 4187 480 4261 fuisset
501 4189 567 4261 hos
586 4185 723 4260 libellos
745 4186 816 4260 iam
838 4185 876 4259 in
899 4185 1069 4260 Bonini
1091 4183 1343 4258 Membritii

214 4305 426 4380 Sanctuario
443 4307 520 4383 siue
535 4307 632 4382 Vitis
648 4309 863 4382 Sanctorum
876 4306 993 4380 editos
1006 4303 1117 4378 fuisse
1137 4330 1183 4378 ex
1202 4303 1341 4404 optimo

215 4427 359 4530 codice,
392 4429 454 4528 qui
487 4431 532 4502 ad
563 4428 733 4502 familiam
756 4425 980 4502 Veronensis
1010 4425 1188 4525 pertinet,
1218 4449 1343 4499 recen·
