<?xml version="1.0" encoding="UTF-8"?>
<!DOCTYPE html PUBLIC "-//W3C//DTD XHTML 1.0 Transitional//EN"
    "http://www.w3.org/TR/xhtml1/DTD/xhtml1-transitional.dtd">
<html xmlns="http://www.w3.org/1999/xhtml" xml:lang="en" lang="en">
 <head>
  <title>
</title>
<meta http-equiv="Content-Type" content="text/html;charset=utf-8" />
  <meta name='ocr-system' content='tesseract 3.04.00' />
  <meta name='ocr-capabilities' content='ocr_page ocr_carea ocr_par ocr_line ocrx_word'/>
</head>
<body>
  <div class='ocr_page' id='page_1' title='image "./corpusscriptoru12wissgoog_0080.png"; bbox 0 0 3300 5142; ppageno 0'>
   <div class='ocr_carea' id='block_1_1' title="bbox 346 492 1044 565">
    <p class='ocr_par' dir='ltr' id='par_1_1' title="bbox 346 492 1044 565">
     <span class='ocr_line' id='line_1_1' title="bbox 346 492 1044 565; baseline 0 -17"><span class='ocrx_word' id='word_1_1' title='bbox 346 501 387 565; x_wconf 81' lang='lat'>62</span> <span class='ocrx_word' id='word_1_2' title='bbox 764 493 911 564; x_wconf 80' lang='lat' dir='ltr'><strong>Sulpicii</strong></span> <span class='ocrx_word' id='word_1_3' title='bbox 928 492 1044 548; x_wconf 82' lang='lat' dir='ltr'>Seueri</span> 
     </span>
    </p>
   </div>
   <div class='ocr_carea' id='block_1_2' title="bbox 316 647 1502 2986">
    <p class='ocr_par' dir='ltr' id='par_1_2' title="bbox 316 647 1498 1246">
     <span class='ocr_line' id='line_1_2' title="bbox 316 647 1463 734; baseline -0.008 -13"><span class='ocrx_word' id='word_1_4' title='bbox 316 653 462 722; x_wconf 79' lang='lat' dir='ltr'>editum.</span> <span class='ocrx_word' id='word_1_5' title='bbox 485 652 566 734; x_wconf 89' lang='lat' dir='ltr'>quod</span> <span class='ocrx_word' id='word_1_6' title='bbox 585 667 656 716; x_wconf 89' lang='lat' dir='ltr'>nioi</span> <span class='ocrx_word' id='word_1_7' title='bbox 675 651 871 716; x_wconf 88' lang='lat' dir='ltr'>oonseoutum</span> <span class='ocrx_word' id='word_1_8' title='bbox 890 651 946 714; x_wconf 87' lang='lat' dir='ltr'>est.</span> <span class='ocrx_word' id='word_1_9' title='bbox 968 668 1041 714; x_wconf 91' lang='lat' dir='ltr'>nani</span> <span class='ocrx_word' id='word_1_10' title='bbox 1061 649 1168 714; x_wconf 84' lang='lat' dir='ltr'>eadem</span> <span class='ocrx_word' id='word_1_11' title='bbox 1188 651 1277 714; x_wconf 86' lang='lat' dir='ltr'>noete</span> <span class='ocrx_word' id='word_1_12' title='bbox 1296 647 1463 714; x_wconf 80' lang='lat' dir='ltr'>Baltlinsar</span> 
     </span>
     <span class='ocr_line' id='line_1_3' title="bbox 345 749 1462 837; baseline -0.005 -16"><span class='ocrx_word' id='word_1_13' title='bbox 345 753 480 832; x_wconf 87' lang='lat' dir='ltr'>interiit,</span> <span class='ocrx_word' id='word_1_14' title='bbox 495 771 624 837; x_wconf 78' lang='lat' dir='ltr'>regnum</span> <span class='ocrx_word' id='word_1_15' title='bbox 639 751 704 816; x_wconf 89' lang='lat' dir='ltr'>eius</span> <span class='ocrx_word' id='word_1_16' title='bbox 715 751 828 818; x_wconf 83' lang='lat' dir='ltr'>Darius</span> <span class='ocrx_word' id='word_1_17' title='bbox 841 751 965 818; x_wconf 81' lang='lat' dir='ltr'>natione</span> <span class='ocrx_word' id='word_1_18' title='bbox 977 752 1087 817; x_wconf 83' lang='lat' dir='ltr'>Medus</span> <span class='ocrx_word' id='word_1_19' title='bbox 1100 751 1277 835; x_wconf 82' lang='lat' dir='ltr'>oeeupauit:</span> <span class='ocrx_word' id='word_1_20' title='bbox 1297 749 1462 816; x_wconf 86' lang='lat' dir='ltr'>Danielum</span> 
     </span>
     <span class='ocr_line' id='line_1_4' title="bbox 345 849 1463 940; baseline -0.004 -17"><span class='ocrx_word' id='word_1_21' title='bbox 345 856 460 922; x_wconf 80' lang='lat' dir='ltr'>illustri</span> <span class='ocrx_word' id='word_1_22' title='bbox 475 855 614 940; x_wconf 89' lang='lat' dir='ltr'>opinione</span> <span class='ocrx_word' id='word_1_23' title='bbox 628 856 817 938; x_wconf 85' lang='lat' dir='ltr'>oompertum</span> <span class='ocrx_word' id='word_1_24' title='bbox 838 855 979 920; x_wconf 91' lang='lat' dir='ltr'>uniuerso</span> <span class='ocrx_word' id='word_1_25' title='bbox 992 849 1121 937; x_wconf 84' lang='lat' dir='ltr'>irnperio</span> <span class='ocrx_word' id='word_1_26' title='bbox 1134 854 1325 938; x_wconf 76' lang='lat' dir='ltr'>praeposuit,</span> <span class='ocrx_word' id='word_1_27' title='bbox 1340 855 1463 919; x_wconf 80' lang='lat' dir='ltr'>secutus</span> 
     </span>
     <span class='ocr_line' id='line_1_5' title="bbox 345 956 1462 1044; baseline -0.003 -20"><span class='ocrx_word' id='word_1_28' title='bbox 345 959 535 1044; x_wconf 78' lang='lat' dir='ltr'>superiorum</span> <span class='ocrx_word' id='word_1_29' title='bbox 549 975 657 1041; x_wconf 79' lang='lat' dir='ltr'>rogum</span> <span class='ocrx_word' id='word_1_30' title='bbox 671 956 829 1022; x_wconf 82' lang='lat' dir='ltr'>iudicium</span> <span class='ocrx_word' id='word_1_31' title='bbox 850 977 923 1022; x_wconf 86' lang='lat' dir='ltr'>nain</span> <span class='ocrx_word' id='word_1_32' title='bbox 942 959 975 1022; x_wconf 89' lang='lat' dir='ltr'>et</span> <span class='ocrx_word' id='word_1_33' title='bbox 988 957 1263 1023; x_wconf 74' lang='lat' dir='ltr'><strong>Nabuchodonosor</strong></span> <span class='ocrx_word' id='word_1_34' title='bbox 1284 975 1356 1022; x_wconf 90' lang='lat' dir='ltr'>enni</span> <span class='ocrx_word' id='word_1_35' title='bbox 1369 972 1462 1040; x_wconf 76' lang='lat' dir='ltr'>regno</span> 
     </span>
     <span class='ocr_line' id='line_1_6' title="bbox 344 1059 1498 1146; baseline -0.003 -18"><span class='ocrx_word' id='word_1_36' title='bbox 344 1061 533 1146; x_wconf 72' lang='lat' dir='ltr'>praefecerat</span> <span class='ocrx_word' id='word_1_37' title='bbox 547 1061 579 1125; x_wconf 84' lang='lat' dir='ltr'>ot</span> <span class='ocrx_word' id='word_1_38' title='bbox 593 1059 757 1126; x_wconf 83' lang='lat' dir='ltr'>Balthasar</span> <span class='ocrx_word' id='word_1_39' title='bbox 771 1061 857 1126; x_wconf 85' lang='lat' dir='ltr'>ueste</span> <span class='ocrx_word' id='word_1_40' title='bbox 869 1079 1022 1144; x_wconf 77' lang='lat' dir='ltr'>purpurea</span> <span class='ocrx_word' id='word_1_41' title='bbox 1040 1062 1073 1126; x_wconf 90' lang='lat' dir='ltr'>et</span> <span class='ocrx_word' id='word_1_42' title='bbox 1086 1062 1195 1142; x_wconf 82' lang='lat' dir='ltr'>torque</span> <span class='ocrx_word' id='word_1_43' title='bbox 1210 1077 1301 1126; x_wconf 86' lang='lat' dir='ltr'>aureo</span> <span class='ocrx_word' id='word_1_44' title='bbox 1315 1059 1463 1124; x_wconf 89' lang='lat' dir='ltr'>doustmn</span> <span class='ocrx_word' id='word_1_45' title='bbox 1485 1071 1498 1112; x_wconf 75' lang='lat'>⁸</span> 
     </span>
     <span class='ocr_line' id='line_1_7' title="bbox 345 1162 984 1246; baseline -0.003 -16"><span class='ocrx_word' id='word_1_46' title='bbox 345 1164 475 1230; x_wconf 88' lang='lat' dir='ltr'>tertium</span> <span class='ocrx_word' id='word_1_47' title='bbox 489 1163 576 1246; x_wconf 79' lang='lat' dir='ltr'>regni</span> <span class='ocrx_word' id='word_1_48' title='bbox 589 1162 759 1246; x_wconf 88' lang='lat' dir='ltr'>prinoipem</span> <span class='ocrx_word' id='word_1_49' title='bbox 774 1162 984 1228; x_wconf 85' lang='lat' dir='ltr'>eonstituorst.</span> 
     </span>
    </p>

    <p class='ocr_par' dir='ltr' id='par_1_3' title="bbox 317 1261 1501 1760">
     <span class='ocr_line' id='line_1_8' title="bbox 317 1261 1463 1350; baseline -0.002 -20"><span class='ocrx_word' id='word_1_50' title='bbox 317 1265 334 1330; x_wconf 81' lang='lat' dir='ltr'>i</span> <span class='ocrx_word' id='word_1_51' title='bbox 388 1264 491 1350; x_wconf 80' lang='lat' dir='ltr'><strong>Igitur</strong></span> <span class='ocrx_word' id='word_1_52' title='bbox 515 1265 564 1344; x_wconf 85' lang='lat' dir='ltr'>hi,</span> <span class='ocrx_word' id='word_1_53' title='bbox 587 1265 640 1348; x_wconf 91' lang='lat' dir='ltr'>qui</span> <span class='ocrx_word' id='word_1_54' title='bbox 662 1285 722 1332; x_wconf 85' lang='lat' dir='ltr'>una</span> <span class='ocrx_word' id='word_1_55' title='bbox 747 1285 817 1332; x_wconf 87' lang='lat' dir='ltr'>enin</span> <span class='ocrx_word' id='word_1_56' title='bbox 842 1282 878 1330; x_wconf 95' lang='lat' dir='ltr'>eo</span> <span class='ocrx_word' id='word_1_57' title='bbox 898 1284 1000 1332; x_wconf 88' lang='lat' dir='ltr'>rernm</span> <span class='ocrx_word' id='word_1_58' title='bbox 1022 1267 1162 1348; x_wconf 84' lang='lat' dir='ltr'>potentes</span> <span class='ocrx_word' id='word_1_59' title='bbox 1187 1266 1290 1341; x_wconf 81' lang='lat' dir='ltr'>eraut,</span> <span class='ocrx_word' id='word_1_60' title='bbox 1312 1261 1463 1346; x_wconf 76' lang='lat' dir='ltr'>exagitati</span> 
     </span>
     <span class='ocr_line' id='line_1_9' title="bbox 346 1367 1464 1452; baseline -0.002 -18"><span class='ocrx_word' id='word_1_61' title='bbox 346 1368 474 1446; x_wconf 85' lang='lat' dir='ltr'>inuidis,</span> <span class='ocrx_word' id='word_1_62' title='bbox 483 1369 563 1451; x_wconf 91' lang='lat' dir='ltr'>quod</span> <span class='ocrx_word' id='word_1_63' title='bbox 572 1368 617 1434; x_wconf 92' lang='lat' dir='ltr'>eis</span> <span class='ocrx_word' id='word_1_64' title='bbox 627 1367 798 1452; x_wconf 73' lang='lat' dir='ltr'>alienigena</span> <span class='ocrx_word' id='word_1_65' title='bbox 808 1368 950 1452; x_wconf 80' lang='lat' dir='ltr'>captiuae</span> <span class='ocrx_word' id='word_1_66' title='bbox 959 1368 1061 1452; x_wconf 75' lang='lat' dir='ltr'>gentis</span> <span class='ocrx_word' id='word_1_67' title='bbox 1071 1367 1181 1433; x_wconf 79' lang='lat' dir='ltr'>fuisset</span> <span class='ocrx_word' id='word_1_68' title='bbox 1192 1369 1350 1449; x_wconf 82' lang='lat' dir='ltr'>aequatus,</span> <span class='ocrx_word' id='word_1_69' title='bbox 1359 1383 1464 1450; x_wconf 77' lang='lat' dir='ltr'>regem</span> 
     </span>
     <span class='ocr_line' id='line_1_10' title="bbox 347 1469 1463 1554; baseline -0.002 -18"><span class='ocrx_word' id='word_1_70' title='bbox 347 1472 549 1554; x_wconf 82' lang='lat' dir='ltr'>depranatum</span> <span class='ocrx_word' id='word_1_71' title='bbox 563 1469 739 1537; x_wconf 73' lang='lat' dir='ltr'>adulatione</span> <span class='ocrx_word' id='word_1_72' title='bbox 753 1471 955 1554; x_wconf 81' lang='lat' dir='ltr'>compellunt,</span> <span class='ocrx_word' id='word_1_73' title='bbox 975 1473 1012 1536; x_wconf 89' lang='lat' dir='ltr'>ut</span> <span class='ocrx_word' id='word_1_74' title='bbox 1032 1470 1092 1535; x_wconf 91' lang='lat' dir='ltr'>sibi</span> <span class='ocrx_word' id='word_1_75' title='bbox 1106 1469 1214 1536; x_wconf 87' lang='lat' dir='ltr'>diebus</span> <span class='ocrx_word' id='word_1_76' title='bbox 1228 1469 1374 1553; x_wconf 80' lang='lat' dir='ltr'>proximis</span> <span class='ocrx_word' id='word_1_77' title='bbox 1388 1483 1463 1534; x_wconf 85' lang='lat' dir='ltr'>m</span> 
     </span>
     <span class='ocr_line' id='line_1_11' title="bbox 347 1571 1501 1656; baseline -0.003 -18"><span class='ocrx_word' id='word_1_78' title='bbox 347 1571 444 1638; x_wconf 90' lang='lat' dir='ltr'>diuini</span> <span class='ocrx_word' id='word_1_79' title='bbox 459 1573 586 1638; x_wconf 90' lang='lat' dir='ltr'>honores</span> <span class='ocrx_word' id='word_1_80' title='bbox 600 1573 759 1650; x_wconf 78' lang='lat' dir='ltr'>darentur,</span> <span class='ocrx_word' id='word_1_81' title='bbox 780 1591 877 1656; x_wconf 90' lang='lat' dir='ltr'>nequo</span> <span class='ocrx_word' id='word_1_82' title='bbox 892 1574 1037 1656; x_wconf 76' lang='lat' dir='ltr'>cuiquam</span> <span class='ocrx_word' id='word_1_83' title='bbox 1050 1573 1157 1640; x_wconf 87' lang='lat' dir='ltr'>lioeiet</span> <span class='ocrx_word' id='word_1_84' title='bbox 1169 1573 1271 1638; x_wconf 87' lang='lat' dir='ltr'>Deum</span> <span class='ocrx_word' id='word_1_85' title='bbox 1284 1571 1346 1638; x_wconf 90' lang='lat' dir='ltr'>nisi</span> <span class='ocrx_word' id='word_1_86' title='bbox 1359 1589 1463 1655; x_wconf 79' lang='lat' dir='ltr'>regern</span> <span class='ocrx_word' id='word_1_87' title='bbox 1473 1593 1501 1634; x_wconf 76' lang='lat' dir='ltr'>ro</span> 
     </span>
     <span class='ocr_line' id='line_1_12' title="bbox 347 1673 1463 1760; baseline -0.001 -20"><span class='ocrx_word' id='word_1_88' title='bbox 347 1675 473 1759; x_wconf 84' lang='lat' dir='ltr'>preooii&#39;.</span> <span class='ocrx_word' id='word_1_89' title='bbox 496 1675 587 1742; x_wconf 88' lang='lat' dir='ltr'>faoile</span> <span class='ocrx_word' id='word_1_90' title='bbox 601 1675 634 1740; x_wconf 89' lang='lat' dir='ltr'>id</span> <span class='ocrx_word' id='word_1_91' title='bbox 648 1675 741 1741; x_wconf 84' lang='lat' dir='ltr'>Dario</span> <span class='ocrx_word' id='word_1_92' title='bbox 756 1693 944 1758; x_wconf 82' lang='lat' dir='ltr'>persuasum,</span> <span class='ocrx_word' id='word_1_93' title='bbox 966 1675 1104 1741; x_wconf 85' lang='lat' dir='ltr'>stultitia</span> <span class='ocrx_word' id='word_1_94' title='bbox 1118 1694 1226 1760; x_wconf 79' lang='lat' dir='ltr'>regum</span> <span class='ocrx_word' id='word_1_95' title='bbox 1239 1673 1393 1752; x_wconf 83' lang='lat' dir='ltr'>omnium,</span> <span class='ocrx_word' id='word_1_96' title='bbox 1408 1673 1463 1755; x_wconf 86' lang='lat' dir='ltr'>qui</span> 
     </span>
    </p>

    <p class='ocr_par' dir='ltr' id='par_1_4' title="bbox 318 1776 1465 2066">
     <span class='ocr_line' id='line_1_13' title="bbox 318 1776 1463 1862; baseline -0.003 -18"><span class='ocrx_word' id='word_1_97' title='bbox 318 1778 406 1844; x_wconf 83' lang='lat' dir='ltr'>aiibi</span> <span class='ocrx_word' id='word_1_98' title='bbox 420 1776 527 1844; x_wconf 87' lang='lat' dir='ltr'>diuina</span> <span class='ocrx_word' id='word_1_99' title='bbox 540 1777 708 1844; x_wconf 87' lang='lat' dir='ltr'>uindioent.</span> <span class='ocrx_word' id='word_1_100' title='bbox 725 1777 822 1862; x_wconf 83' lang='lat' dir='ltr'>igitur</span> <span class='ocrx_word' id='word_1_101' title='bbox 836 1778 947 1844; x_wconf 90' lang='lat' dir='ltr'>Daniel</span> <span class='ocrx_word' id='word_1_102' title='bbox 960 1795 1022 1844; x_wconf 88' lang='lat' dir='ltr'>non</span> <span class='ocrx_word' id='word_1_103' title='bbox 1036 1776 1121 1844; x_wconf 89' lang='lat' dir='ltr'>rudis</span> <span class='ocrx_word' id='word_1_104' title='bbox 1134 1796 1233 1860; x_wconf 87' lang='lat' dir='ltr'>nequo</span> <span class='ocrx_word' id='word_1_105' title='bbox 1246 1777 1377 1854; x_wconf 77' lang='lat' dir='ltr'>inscius,</span> <span class='ocrx_word' id='word_1_106' title='bbox 1397 1777 1463 1840; x_wconf 89' lang='lat' dir='ltr'>Deo</span> 
     </span>
     <span class='ocr_line' id='line_1_14' title="bbox 347 1879 1465 1964; baseline -0.002 -18"><span class='ocrx_word' id='word_1_107' title='bbox 347 1898 465 1964; x_wconf 82' lang='lat' dir='ltr'>preses,</span> <span class='ocrx_word' id='word_1_108' title='bbox 487 1897 547 1946; x_wconf 89' lang='lat' dir='ltr'>non</span> <span class='ocrx_word' id='word_1_109' title='bbox 561 1879 678 1948; x_wconf 89' lang='lat' dir='ltr'>homini</span> <span class='ocrx_word' id='word_1_110' title='bbox 692 1879 884 1958; x_wconf 78' lang='lat' dir='ltr'>deferendas,</span> <span class='ocrx_word' id='word_1_111' title='bbox 899 1899 968 1947; x_wconf 88' lang='lat' dir='ltr'>reus</span> <span class='ocrx_word' id='word_1_112' title='bbox 981 1881 1181 1948; x_wconf 87' lang='lat' dir='ltr'>eonstituitur</span> <span class='ocrx_word' id='word_1_113' title='bbox 1194 1881 1294 1947; x_wconf 85' lang='lat' dir='ltr'>edioto</span> <span class='ocrx_word' id='word_1_114' title='bbox 1308 1880 1391 1964; x_wconf 79' lang='lat' dir='ltr'>regis</span> <span class='ocrx_word' id='word_1_115' title='bbox 1404 1895 1465 1944; x_wconf 85' lang='lat' dir='ltr'>non</span> 
     </span>
     <span class='ocr_line' id='line_1_15' title="bbox 346 1981 1464 2066; baseline 0 -19"><span class='ocrx_word' id='word_1_116' title='bbox 346 1981 493 2066; x_wconf 69' lang='lat' dir='ltr'>purouse.</span> <span class='ocrx_word' id='word_1_117' title='bbox 508 1981 703 2065; x_wconf 86' lang='lat' dir='ltr'>inultumque</span> <span class='ocrx_word' id='word_1_118' title='bbox 718 1983 868 2048; x_wconf 77' lang='lat' dir='ltr'>abnuente</span> <span class='ocrx_word' id='word_1_119' title='bbox 881 1983 987 2062; x_wconf 84' lang='lat' dir='ltr'>Dario,</span> <span class='ocrx_word' id='word_1_120' title='bbox 1001 1983 1052 2049; x_wconf 89' lang='lat' dir='ltr'>oui</span> <span class='ocrx_word' id='word_1_121' title='bbox 1065 2002 1154 2050; x_wconf 81' lang='lat' dir='ltr'>carus</span> <span class='ocrx_word' id='word_1_122' title='bbox 1167 1985 1370 2066; x_wconf 81' lang='lat' dir='ltr'>ueoeptusque</span> <span class='ocrx_word' id='word_1_123' title='bbox 1382 1999 1464 2048; x_wconf 84' lang='lat' dir='ltr'>sem·</span> 
     </span>
    </p>

    <p class='ocr_par' dir='ltr' id='par_1_5' title="bbox 319 2083 1500 2476">
     <span class='ocr_line' id='line_1_16' title="bbox 319 2083 1500 2169; baseline -0.003 -17"><span class='ocrx_word' id='word_1_124' title='bbox 319 2096 401 2168; x_wconf 81' lang='lat' dir='ltr'>uper</span> <span class='ocrx_word' id='word_1_125' title='bbox 423 2083 537 2162; x_wconf 73' lang='lat' dir='ltr'>luent,</span> <span class='ocrx_word' id='word_1_126' title='bbox 560 2084 711 2168; x_wconf 80' lang='lat' dir='ltr'>principes</span> <span class='ocrx_word' id='word_1_127' title='bbox 732 2085 901 2169; x_wconf 77' lang='lat' dir='ltr'>peruicere,</span> <span class='ocrx_word' id='word_1_128' title='bbox 926 2085 1017 2152; x_wconf 89' lang='lat' dir='ltr'>utin</span> <span class='ocrx_word' id='word_1_129' title='bbox 1037 2087 1138 2152; x_wconf 86' lang='lat' dir='ltr'>laeum</span> <span class='ocrx_word' id='word_1_130' title='bbox 1160 2086 1383 2152; x_wconf 88' lang='lat' dir='ltr'>demitteretur.</span> <span class='ocrx_word' id='word_1_131' title='bbox 1411 2083 1500 2149; x_wconf 70' lang='lat' dir='ltr'>sedis</span> 
     </span>
     <span class='ocr_line' id='line_1_17' title="bbox 347 2186 1463 2272; baseline 0.001 -20"><span class='ocrx_word' id='word_1_132' title='bbox 347 2187 465 2253; x_wconf 90' lang='lat' dir='ltr'>obieoto</span> <span class='ocrx_word' id='word_1_133' title='bbox 479 2187 586 2254; x_wconf 87' lang='lat' dir='ltr'>bestiis</span> <span class='ocrx_word' id='word_1_134' title='bbox 600 2188 721 2254; x_wconf 92' lang='lat' dir='ltr'>nullum</span> <span class='ocrx_word' id='word_1_135' title='bbox 735 2188 905 2272; x_wconf 88' lang='lat' dir='ltr'>perieulum</span> <span class='ocrx_word' id='word_1_136' title='bbox 918 2188 988 2254; x_wconf 90' lang='lat' dir='ltr'>fuit.</span> <span class='ocrx_word' id='word_1_137' title='bbox 1013 2191 1094 2272; x_wconf 85' lang='lat' dir='ltr'>quod</span> <span class='ocrx_word' id='word_1_138' title='bbox 1107 2208 1179 2255; x_wconf 87' lang='lat' dir='ltr'>oum</span> <span class='ocrx_word' id='word_1_139' title='bbox 1192 2208 1245 2254; x_wconf 86' lang='lat' dir='ltr'>rei</span> <span class='ocrx_word' id='word_1_140' title='bbox 1258 2186 1463 2271; x_wconf 78' lang='lat' dir='ltr'>oomperissst,</span> 
     </span>
     <span class='ocr_line' id='line_1_18' title="bbox 347 2288 1465 2376; baseline -0.002 -21"><span class='ocrx_word' id='word_1_141' title='bbox 347 2291 538 2356; x_wconf 84' lang='lat' dir='ltr'>aoousstores</span> <span class='ocrx_word' id='word_1_142' title='bbox 552 2291 694 2374; x_wconf 84' lang='lat' dir='ltr'>deputari</span> <span class='ocrx_word' id='word_1_143' title='bbox 709 2291 847 2357; x_wconf 83' lang='lat' dir='ltr'>leonibus</span> <span class='ocrx_word' id='word_1_144' title='bbox 865 2291 1034 2376; x_wconf 80' lang='lat' dir='ltr'>praesepii:</span> <span class='ocrx_word' id='word_1_145' title='bbox 1055 2292 1110 2374; x_wconf 88' lang='lat' dir='ltr'>qui</span> <span class='ocrx_word' id='word_1_146' title='bbox 1129 2309 1190 2357; x_wconf 90' lang='lat' dir='ltr'>non</span> <span class='ocrx_word' id='word_1_147' title='bbox 1211 2291 1307 2356; x_wconf 89' lang='lat' dir='ltr'>simili</span> <span class='ocrx_word' id='word_1_148' title='bbox 1328 2288 1465 2372; x_wconf 79' lang='lat' dir='ltr'>exemplo</span> 
     </span>
     <span class='ocr_line' id='line_1_19' title="bbox 348 2391 1464 2476; baseline 0.001 -19"><span class='ocrx_word' id='word_1_149' title='bbox 348 2391 500 2476; x_wconf 84' lang='lat' dir='ltr'>perfuncti</span> <span class='ocrx_word' id='word_1_150' title='bbox 520 2395 607 2458; x_wconf 90' lang='lat' dir='ltr'>sunt:</span> <span class='ocrx_word' id='word_1_151' title='bbox 628 2413 701 2458; x_wconf 88' lang='lat' dir='ltr'>nani</span> <span class='ocrx_word' id='word_1_152' title='bbox 720 2393 863 2458; x_wconf 81' lang='lat' dir='ltr'>continuo</span> <span class='ocrx_word' id='word_1_153' title='bbox 882 2393 1021 2460; x_wconf 85' lang='lat' dir='ltr'>deuorsti</span> <span class='ocrx_word' id='word_1_154' title='bbox 1041 2393 1175 2460; x_wconf 82' lang='lat' dir='ltr'>ferarum</span> <span class='ocrx_word' id='word_1_155' title='bbox 1195 2393 1309 2460; x_wconf 84' lang='lat' dir='ltr'>famem</span> <span class='ocrx_word' id='word_1_156' title='bbox 1323 2392 1464 2476; x_wconf 82' lang='lat' dir='ltr'>expleue-</span> 
     </span>
    </p>

    <p class='ocr_par' dir='ltr' id='par_1_6' title="bbox 318 2493 1502 2683">
     <span class='ocr_line' id='line_1_20' title="bbox 318 2493 1465 2579; baseline 0.001 -22"><span class='ocrx_word' id='word_1_157' title='bbox 318 2497 428 2559; x_wconf 82' lang='lat' dir='ltr'>4runt.</span> <span class='ocrx_word' id='word_1_158' title='bbox 452 2493 563 2560; x_wconf 86' lang='lat' dir='ltr'>Daniel</span> <span class='ocrx_word' id='word_1_159' title='bbox 576 2495 676 2560; x_wconf 70' lang='lat' dir='ltr'>ouius</span> <span class='ocrx_word' id='word_1_160' title='bbox 691 2498 762 2561; x_wconf 89' lang='lat' dir='ltr'>ants</span> <span class='ocrx_word' id='word_1_161' title='bbox 776 2495 888 2561; x_wconf 80' lang='lat' dir='ltr'>clarior</span> <span class='ocrx_word' id='word_1_162' title='bbox 900 2495 1022 2562; x_wconf 83' lang='lat' dir='ltr'>haberi:</span> <span class='ocrx_word' id='word_1_163' title='bbox 1044 2515 1097 2562; x_wconf 86' lang='lat' dir='ltr'>rei</span> <span class='ocrx_word' id='word_1_164' title='bbox 1117 2496 1277 2579; x_wconf 74' lang='lat' dir='ltr'>antquuto</span> <span class='ocrx_word' id='word_1_165' title='bbox 1297 2495 1396 2562; x_wconf 88' lang='lat' dir='ltr'>edieto</span> <span class='ocrx_word' id='word_1_166' title='bbox 1410 2510 1465 2560; x_wconf 89' lang='lat' dir='ltr'>suo</span> 
     </span>
     <span class='ocr_line' id='line_1_21' title="bbox 345 2597 1502 2683; baseline 0.001 -22"><span class='ocrx_word' id='word_1_167' title='bbox 345 2613 460 2662; x_wconf 88' lang='lat' dir='ltr'>nouum</span> <span class='ocrx_word' id='word_1_168' title='bbox 474 2597 641 2680; x_wconf 82' lang='lat' dir='ltr'>proposuit,</span> <span class='ocrx_word' id='word_1_169' title='bbox 657 2597 773 2664; x_wconf 82' lang='lat' dir='ltr'>relictis</span> <span class='ocrx_word' id='word_1_170' title='bbox 788 2598 940 2664; x_wconf 88' lang='lat' dir='ltr'>erroribus</span> <span class='ocrx_word' id='word_1_171' title='bbox 954 2618 990 2664; x_wconf 85' lang='lat' dir='ltr'>uo</span> <span class='ocrx_word' id='word_1_172' title='bbox 1003 2599 1272 2683; x_wconf 86' lang='lat' dir='ltr'>superstitionibus</span> <span class='ocrx_word' id='word_1_173' title='bbox 1287 2601 1389 2664; x_wconf 91' lang='lat' dir='ltr'>Deum</span> <span class='ocrx_word' id='word_1_174' title='bbox 1399 2597 1464 2662; x_wconf 85' lang='lat' dir='ltr'>Da·</span> <span class='ocrx_word' id='word_1_175' title='bbox 1472 2619 1502 2662; x_wconf 78' lang='lat' dir='ltr'>io</span> 
     </span>
    </p>

    <p class='ocr_par' dir='ltr' id='par_1_7' title="bbox 318 2697 1465 2986">
     <span class='ocr_line' id='line_1_22' title="bbox 318 2697 1464 2785; baseline -0.003 -17"><span class='ocrx_word' id='word_1_176' title='bbox 318 2697 435 2768; x_wconf 76' lang='lat' dir='ltr'>onielie</span> <span class='ocrx_word' id='word_1_177' title='bbox 450 2699 617 2765; x_wconf 86' lang='lat' dir='ltr'>colendum.</span> <span class='ocrx_word' id='word_1_178' title='bbox 634 2703 740 2766; x_wconf 79' lang='lat' dir='ltr'>extent</span> <span class='ocrx_word' id='word_1_179' title='bbox 754 2701 850 2766; x_wconf 87' lang='lat' dir='ltr'>etiam</span> <span class='ocrx_word' id='word_1_180' title='bbox 863 2701 995 2768; x_wconf 88' lang='lat' dir='ltr'>uisiones</span> <span class='ocrx_word' id='word_1_181' title='bbox 1009 2703 1085 2779; x_wconf 84' lang='lat' dir='ltr'>eins,</span> <span class='ocrx_word' id='word_1_182' title='bbox 1094 2703 1206 2785; x_wconf 88' lang='lat' dir='ltr'>quibus</span> <span class='ocrx_word' id='word_1_183' title='bbox 1216 2700 1464 2784; x_wconf 75' lang='lat' dir='ltr'>consequentium</span> 
     </span>
     <span class='ocr_line' id='line_1_23' title="bbox 346 2801 1464 2886; baseline 0.002 -21"><span class='ocrx_word' id='word_1_184' title='bbox 346 2801 535 2866; x_wconf 81' lang='lat' dir='ltr'>soeculorum</span> <span class='ocrx_word' id='word_1_185' title='bbox 551 2802 687 2868; x_wconf 86' lang='lat' dir='ltr'>ordinem</span> <span class='ocrx_word' id='word_1_186' title='bbox 702 2803 869 2881; x_wconf 69' lang='lat' dir='ltr'>uiolauit,</span> <span class='ocrx_word' id='word_1_187' title='bbox 884 2823 1032 2870; x_wconf 86' lang='lat' dir='ltr'>annorum</span> <span class='ocrx_word' id='word_1_188' title='bbox 1045 2805 1141 2871; x_wconf 88' lang='lat' dir='ltr'>etium</span> <span class='ocrx_word' id='word_1_189' title='bbox 1154 2824 1317 2872; x_wconf 86' lang='lat' dir='ltr'>iuniorum</span> <span class='ocrx_word' id='word_1_190' title='bbox 1331 2803 1464 2886; x_wconf 85' lang='lat' dir='ltr'>eomple-</span> 
     </span>
     <span class='ocr_line' id='line_1_24' title="bbox 346 2903 1465 2986; baseline 0.003 -17"><span class='ocrx_word' id='word_1_191' title='bbox 346 2921 411 2982; x_wconf 82' lang='lat' dir='ltr'>xus,</span> <span class='ocrx_word' id='word_1_192' title='bbox 420 2903 503 2970; x_wconf 85' lang='lat' dir='ltr'>intre</span> <span class='ocrx_word' id='word_1_193' title='bbox 513 2923 604 2986; x_wconf 91' lang='lat' dir='ltr'>quem</span> <span class='ocrx_word' id='word_1_194' title='bbox 615 2904 781 2983; x_wconf 78' lang='lat' dir='ltr'>Christum,</span> <span class='ocrx_word' id='word_1_195' title='bbox 793 2905 874 2972; x_wconf 88' lang='lat' dir='ltr'>siout</span> <span class='ocrx_word' id='word_1_196' title='bbox 887 2906 1005 2973; x_wconf 83' lang='lat' dir='ltr'>foetum</span> <span class='ocrx_word' id='word_1_197' title='bbox 1019 2911 1076 2985; x_wconf 80' lang='lat' dir='ltr'>ost,</span> <span class='ocrx_word' id='word_1_198' title='bbox 1088 2909 1302 2974; x_wconf 90' lang='lat' dir='ltr'>desoensurum</span> <span class='ocrx_word' id='word_1_199' title='bbox 1313 2907 1352 2972; x_wconf 86' lang='lat' dir='ltr'>sd</span> <span class='ocrx_word' id='word_1_200' title='bbox 1366 2909 1465 2972; x_wconf 81' lang='lat' dir='ltr'>terras</span> 
     </span>
    </p>
   </div>
   <div class='ocr_carea' id='block_1_3' title="bbox 320 3005 1506 3708">
    <p class='ocr_par' dir='ltr' id='par_1_8' title="bbox 320 3005 1502 3404">
     <span class='ocr_line' id='line_1_25' title="bbox 320 3005 1467 3094; baseline 0.001 -22"><span class='ocrx_word' id='word_1_201' title='bbox 320 3005 558 3090; x_wconf 83' lang='lat' dir='ltr'>eprouuntisuit</span> <span class='ocrx_word' id='word_1_202' title='bbox 572 3009 796 3091; x_wconf 83' lang='lat' dir='ltr'>uentorumque</span> <span class='ocrx_word' id='word_1_203' title='bbox 807 3009 1034 3076; x_wconf 78' lang='lat' dir='ltr'>Antichristum</span> <span class='ocrx_word' id='word_1_204' title='bbox 1050 3010 1212 3076; x_wconf 80' lang='lat' dir='ltr'>manifeste</span> <span class='ocrx_word' id='word_1_205' title='bbox 1223 3010 1369 3094; x_wconf 82' lang='lat' dir='ltr'>exposuit</span> <span class='ocrx_word' id='word_1_206' title='bbox 1385 3007 1467 3092; x_wconf 83' lang='lat' dir='ltr'>quod</span> 
     </span>
     <span class='ocr_line' id='line_1_26' title="bbox 348 3107 1502 3197; baseline 0.002 -25"><span class='ocrx_word' id='word_1_207' title='bbox 348 3107 374 3173; x_wconf 91' lang='lat' dir='ltr'>si</span> <span class='ocrx_word' id='word_1_208' title='bbox 389 3109 442 3191; x_wconf 90' lang='lat' dir='ltr'>qui</span> <span class='ocrx_word' id='word_1_209' title='bbox 457 3109 622 3176; x_wconf 79' lang='lat' dir='ltr'>studiosior</span> <span class='ocrx_word' id='word_1_210' title='bbox 636 3110 705 3188; x_wconf 89' lang='lat' dir='ltr'>erit,</span> <span class='ocrx_word' id='word_1_211' title='bbox 720 3112 834 3177; x_wconf 79' lang='lat' dir='ltr'>rectius</span> <span class='ocrx_word' id='word_1_212' title='bbox 848 3112 892 3177; x_wconf 92' lang='lat' dir='ltr'>ibi</span> <span class='ocrx_word' id='word_1_213' title='bbox 906 3115 1078 3196; x_wconf 80' lang='lat' dir='ltr'>quaesitum</span> <span class='ocrx_word' id='word_1_214' title='bbox 1094 3113 1240 3197; x_wconf 87' lang='lat' dir='ltr'>reperiet:</span> <span class='ocrx_word' id='word_1_215' title='bbox 1254 3113 1342 3178; x_wconf 91' lang='lat' dir='ltr'>nobis</span> <span class='ocrx_word' id='word_1_216' title='bbox 1356 3128 1502 3196; x_wconf 78' lang='lat' dir='ltr'>propo-ii</span> 
     </span>
     <span class='ocr_line' id='line_1_27' title="bbox 347 3209 1467 3299; baseline 0.004 -24"><span class='ocrx_word' id='word_1_217' title='bbox 347 3209 444 3276; x_wconf 89' lang='lat' dir='ltr'>situm</span> <span class='ocrx_word' id='word_1_218' title='bbox 459 3213 506 3276; x_wconf 88' lang='lat' dir='ltr'>est</span> <span class='ocrx_word' id='word_1_219' title='bbox 525 3231 627 3278; x_wconf 86' lang='lat' dir='ltr'>rernm</span> <span class='ocrx_word' id='word_1_220' title='bbox 648 3215 770 3280; x_wconf 89' lang='lat' dir='ltr'>tantum</span> <span class='ocrx_word' id='word_1_221' title='bbox 790 3215 928 3281; x_wconf 92' lang='lat' dir='ltr'>ordinem</span> <span class='ocrx_word' id='word_1_222' title='bbox 942 3219 1106 3282; x_wconf 75' lang='lat' dir='ltr'>contexere.</span> <span class='ocrx_word' id='word_1_223' title='bbox 1127 3217 1240 3282; x_wconf 84' lang='lat' dir='ltr'>Durius</span> <span class='ocrx_word' id='word_1_224' title='bbox 1253 3213 1467 3299; x_wconf 75' lang='lat' dir='ltr'>duodeuiginti</span> 
     </span>
     <span class='ocr_line' id='line_1_28' title="bbox 348 3316 1465 3404; baseline 0.002 -24"><span class='ocrx_word' id='word_1_225' title='bbox 348 3331 441 3380; x_wconf 78' lang='lat' dir='ltr'>annos</span> <span class='ocrx_word' id='word_1_226' title='bbox 449 3333 591 3398; x_wconf 81' lang='lat' dir='ltr'>regnasse</span> <span class='ocrx_word' id='word_1_227' title='bbox 600 3316 748 3382; x_wconf 85' lang='lat' dir='ltr'>truditur:</span> <span class='ocrx_word' id='word_1_228' title='bbox 761 3337 821 3400; x_wconf 90' lang='lat' dir='ltr'>qus</span> <span class='ocrx_word' id='word_1_229' title='bbox 828 3320 1011 3401; x_wconf 82' lang='lat' dir='ltr'>tempestate</span> <span class='ocrx_word' id='word_1_230' title='bbox 1017 3320 1169 3404; x_wconf 81' lang='lat' dir='ltr'>Astyages</span> <span class='ocrx_word' id='word_1_231' title='bbox 1175 3320 1274 3384; x_wconf 86' lang='lat' dir='ltr'>Medis</span> <span class='ocrx_word' id='word_1_232' title='bbox 1284 3317 1465 3402; x_wconf 77' lang='lat' dir='ltr'>imperabit</span> 
     </span>
    </p>

    <p class='ocr_par' dir='ltr' id='par_1_9' title="bbox 320 3415 1467 3606">
     <span class='ocr_line' id='line_1_29' title="bbox 320 3415 1467 3506; baseline 0.003 -25"><span class='ocrx_word' id='word_1_233' title='bbox 320 3431 338 3493; x_wconf 72' lang='lat' dir='ltr'>s</span> <span class='ocrx_word' id='word_1_234' title='bbox 390 3417 481 3482; x_wconf 85' lang='lat' dir='ltr'>Hune</span> <span class='ocrx_word' id='word_1_235' title='bbox 501 3415 613 3500; x_wconf 78' lang='lat' dir='ltr'>Cyrus,</span> <span class='ocrx_word' id='word_1_236' title='bbox 645 3437 681 3483; x_wconf 86' lang='lat' dir='ltr'>ei</span> <span class='ocrx_word' id='word_1_237' title='bbox 700 3419 766 3484; x_wconf 82' lang='lat' dir='ltr'>filia</span> <span class='ocrx_word' id='word_1_238' title='bbox 779 3438 884 3504; x_wconf 75' lang='lat' dir='ltr'>‚nepos</span> <span class='ocrx_word' id='word_1_239' title='bbox 914 3422 995 3498; x_wconf 84' lang='lat' dir='ltr'>eius,</span> <span class='ocrx_word' id='word_1_240' title='bbox 1028 3439 1120 3506; x_wconf 79' lang='lat' dir='ltr'>regno</span> <span class='ocrx_word' id='word_1_241' title='bbox 1140 3423 1272 3506; x_wconf 83' lang='lat' dir='ltr'>expulit,</span> <span class='ocrx_word' id='word_1_242' title='bbox 1303 3421 1467 3486; x_wconf 82' lang='lat' dir='ltr'>Persarum</span> 
     </span>
     <span class='ocr_line' id='line_1_30' title="bbox 348 3519 1467 3606; baseline 0.003 -22"><span class='ocrx_word' id='word_1_243' title='bbox 348 3537 422 3584; x_wconf 90' lang='lat' dir='ltr'>usus</span> <span class='ocrx_word' id='word_1_244' title='bbox 437 3519 546 3584; x_wconf 84' lang='lat' dir='ltr'>armis:</span> <span class='ocrx_word' id='word_1_245' title='bbox 567 3521 645 3586; x_wconf 89' lang='lat' dir='ltr'>unde</span> <span class='ocrx_word' id='word_1_246' title='bbox 660 3540 781 3587; x_wconf 86' lang='lat' dir='ltr'>summa</span> <span class='ocrx_word' id='word_1_247' title='bbox 795 3523 918 3606; x_wconf 90' lang='lat' dir='ltr'>imperii</span> <span class='ocrx_word' id='word_1_248' title='bbox 938 3525 977 3589; x_wconf 85' lang='lat' dir='ltr'>ad</span> <span class='ocrx_word' id='word_1_249' title='bbox 991 3524 1101 3590; x_wconf 85' lang='lat' dir='ltr'>Persas</span> <span class='ocrx_word' id='word_1_250' title='bbox 1121 3525 1272 3591; x_wconf 80' lang='lat' dir='ltr'>translatu</span> <span class='ocrx_word' id='word_1_251' title='bbox 1285 3527 1341 3589; x_wconf 85' lang='lat' dir='ltr'>est.</span> <span class='ocrx_word' id='word_1_252' title='bbox 1363 3522 1467 3604; x_wconf 77' lang='lat' dir='ltr'>Baby·</span> 
     </span>
    </p>

    <p class='ocr_par' dir='ltr' id='par_1_10' title="bbox 321 3621 1506 3708">
     <span class='ocr_line' id='line_1_31' title="bbox 321 3621 1506 3708; baseline 0 -23"><span class='ocrx_word' id='word_1_253' title='bbox 321 3621 424 3694; x_wconf 73' lang='lat' dir='ltr'>ulonii</span> <span class='ocrx_word' id='word_1_254' title='bbox 446 3639 564 3704; x_wconf 90' lang='lat' dir='ltr'>quoque</span> <span class='ocrx_word' id='word_1_255' title='bbox 585 3623 618 3687; x_wconf 90' lang='lat' dir='ltr'>in</span> <span class='ocrx_word' id='word_1_256' title='bbox 640 3627 824 3706; x_wconf 88' lang='lat' dir='ltr'>potestatem</span> <span class='ocrx_word' id='word_1_257' title='bbox 846 3626 1053 3708; x_wconf 87' lang='lat' dir='ltr'>ditionemque</span> <span class='ocrx_word' id='word_1_258' title='bbox 1074 3627 1140 3692; x_wconf 88' lang='lat' dir='ltr'>eins</span> <span class='ocrx_word' id='word_1_259' title='bbox 1161 3645 1341 3692; x_wconf 85' lang='lat' dir='ltr'>ooneessere.</span> <span class='ocrx_word' id='word_1_260' title='bbox 1370 3625 1506 3708; x_wconf 79' lang='lat' dir='ltr'>igiturio</span> 
     </span>
    </p>
   </div>
   <div class='ocr_carea' id='block_1_4' title="bbox 453 3841 1228 3906">
    <p class='ocr_par' dir='ltr' id='par_1_11' title="bbox 453 3841 1228 3906">
     <span class='ocr_line' id='line_1_32' title="bbox 453 3841 1228 3906; baseline 0.006 -9"><span class='ocrx_word' id='word_1_261' title='bbox 453 3841 490 3898; x_wconf 82' lang='lat'>21</span> <span class='ocrx_word' id='word_1_262' title='bbox 510 3841 576 3896; x_wconf 76' lang='lat' dir='ltr'>Dan.</span> <span class='ocrx_word' id='word_1_263' title='bbox 597 3843 698 3904; x_wconf 76' lang='lat'><strong>7-10.</strong></span> <span class='ocrx_word' id='word_1_264' title='bbox 734 3847 772 3904; x_wconf 80' lang='lat'>28</span> <span class='ocrx_word' id='word_1_265' title='bbox 790 3847 858 3900; x_wconf 82' lang='lat' dir='ltr'>Earn</span> <span class='ocrx_word' id='word_1_266' title='bbox 877 3846 900 3903; x_wconf 94' lang='lat' dir='ltr'>l.</span> <span class='ocrx_word' id='word_1_267' title='bbox 920 3845 973 3900; x_wconf 88' lang='lat' dir='ltr'>Jor.</span> <span class='ocrx_word' id='word_1_268' title='bbox 993 3847 1038 3906; x_wconf 76' lang='lat'>25.</span> <span class='ocrx_word' id='word_1_269' title='bbox 1058 3848 1085 3901; x_wconf 88' lang='lat' dir='ltr'>ss</span> <span class='ocrx_word' id='word_1_270' title='bbox 1103 3848 1163 3902; x_wconf 88' lang='lat' dir='ltr'>Par.</span> <span class='ocrx_word' id='word_1_271' title='bbox 1183 3847 1228 3904; x_wconf 82' lang='lat'>36.</span> 
     </span>
    </p>
   </div>
   <div class='ocr_carea' id='block_1_5' title="bbox 273 4031 1472 4528">
    <p class='ocr_par' dir='ltr' id='par_1_12' title="bbox 273 4031 1472 4361">
     <span class='ocr_line' id='line_1_33' title="bbox 401 4031 1470 4102; baseline 0 -16"><span class='ocrx_word' id='word_1_272' title='bbox 401 4031 632 4101; x_wconf 72' lang='lat' dir='ltr'>Pregnnmquelr</span> <span class='ocrx_word' id='word_1_273' title='bbox 654 4037 666 4102; x_wconf 87' lang='grc'>11</span> <span class='ocrx_word' id='word_1_274' title='bbox 689 4035 861 4089; x_wconf 78' lang='lat' dir='ltr'>Danielemb</span> <span class='ocrx_word' id='word_1_275' title='bbox 915 4035 1050 4092; x_wconf 85' lang='lat' dir='ltr'>8inuidia</span> <span class='ocrx_word' id='word_1_276' title='bbox 1072 4037 1224 4091; x_wconf 78' lang='lat' dir='ltr'>Giselieiuo:</span> <span class='ocrx_word' id='word_1_277' title='bbox 1251 4035 1357 4102; x_wconf 80' lang='lat' dir='ltr'>iniuan</span> <span class='ocrx_word' id='word_1_278' title='bbox 1375 4035 1413 4098; x_wconf 87' lang='lat' dir='ltr'>P,</span> <span class='ocrx_word' id='word_1_279' title='bbox 1439 4031 1470 4086; x_wconf 89' lang='lat' dir='ltr'>in</span> 
     </span>
     <span class='ocr_line' id='line_1_34' title="bbox 351 4114 1470 4190; baseline 0.003 -21"><span class='ocrx_word' id='word_1_280' title='bbox 351 4114 478 4172; x_wconf 82' lang='lat' dir='ltr'>Judsest</span> <span class='ocrx_word' id='word_1_281' title='bbox 524 4117 542 4174; x_wconf 88' lang='grc'>9</span> <span class='ocrx_word' id='word_1_282' title='bbox 555 4119 714 4188; x_wconf 87' lang='lat' dir='ltr'>compellant</span> <span class='ocrx_word' id='word_1_283' title='bbox 725 4121 842 4174; x_wconf 71' lang='lat' dir='ltr'>rudebat</span> <span class='ocrx_word' id='word_1_284' title='bbox 851 4120 978 4175; x_wconf 82' lang='lat' dir='ltr'>dePruto</span> <span class='ocrx_word' id='word_1_285' title='bbox 986 4122 1044 4176; x_wconf 79' lang='lat' dir='ltr'>ooli.</span> <span class='ocrx_word' id='word_1_286' title='bbox 1056 4122 1152 4176; x_wconf 74' lang='lat' dir='ltr'>Seueri</span> <span class='ocrx_word' id='word_1_287' title='bbox 1160 4121 1224 4176; x_wconf 73' lang='lat' dir='ltr'>diui.</span> <span class='ocrx_word' id='word_1_288' title='bbox 1235 4125 1264 4190; x_wconf 77' lang='lat'>2,</span> <span class='ocrx_word' id='word_1_289' title='bbox 1277 4125 1295 4176; x_wconf 87' lang='grc'>6</span> <span class='ocrx_word' id='word_1_290' title='bbox 1342 4121 1381 4178; x_wconf 90' lang='grc'>10</span> <span class='ocrx_word' id='word_1_291' title='bbox 1391 4119 1470 4174; x_wconf 85' lang='lat' dir='ltr'>deum</span> 
     </span>
     <span class='ocr_line' id='line_1_35' title="bbox 351 4201 1472 4266; baseline 0.004 -11"><span class='ocrx_word' id='word_1_292' title='bbox 351 4201 389 4266; x_wconf 86' lang='lat' dir='ltr'>P,</span> <span class='ocrx_word' id='word_1_293' title='bbox 408 4208 441 4256; x_wconf 77' lang='lat' dir='ltr'>ut</span> <span class='ocrx_word' id='word_1_294' title='bbox 458 4203 572 4258; x_wconf 66' lang='lat' dir='ltr'>venees</span> <span class='ocrx_word' id='word_1_295' title='bbox 589 4205 623 4258; x_wconf 84' lang='lat' dir='ltr'>de</span> <span class='ocrx_word' id='word_1_296' title='bbox 641 4205 740 4260; x_wconf 84' lang='lat' dir='ltr'>Proto:</span> <span class='ocrx_word' id='word_1_297' title='bbox 759 4206 934 4260; x_wconf 85' lang='lat' dir='ltr'>Dominumt</span> <span class='ocrx_word' id='word_1_298' title='bbox 994 4208 1029 4264; x_wconf 91' lang='lat'>11</span> <span class='ocrx_word' id='word_1_299' title='bbox 1048 4207 1076 4261; x_wconf 89' lang='lat' dir='ltr'>id</span> <span class='ocrx_word' id='word_1_300' title='bbox 1093 4207 1176 4262; x_wconf 83' lang='lat' dir='ltr'>olario</span> <span class='ocrx_word' id='word_1_301' title='bbox 1194 4209 1221 4262; x_wconf 94' lang='lat' dir='ltr'><em>P</em></span> <span class='ocrx_word' id='word_1_302' title='bbox 1288 4207 1325 4264; x_wconf 87' lang='lat'>18</span> <span class='ocrx_word' id='word_1_303' title='bbox 1342 4207 1425 4260; x_wconf 81' lang='lat' dir='ltr'>terum</span> <span class='ocrx_word' id='word_1_304' title='bbox 1443 4205 1472 4260; x_wconf 91' lang='lat' dir='ltr'><strong><em>P</em></strong></span> 
     </span>
     <span class='ocr_line' id='line_1_36' title="bbox 273 4286 1472 4361; baseline 0.003 -20"><span class='ocrx_word' id='word_1_305' title='bbox 273 4323 274 4328; x_wconf 21' lang='grc' dir='ltr'><strong><em>κ</em></strong></span> <span class='ocrx_word' id='word_1_306' title='bbox 404 4287 440 4344; x_wconf 88' lang='grc'>19</span> <span class='ocrx_word' id='word_1_307' title='bbox 459 4286 551 4342; x_wconf 85' lang='lat' dir='ltr'>haberi</span> <span class='ocrx_word' id='word_1_308' title='bbox 576 4291 621 4344; x_wconf 90' lang='lat' dir='ltr'>P:</span> <span class='ocrx_word' id='word_1_309' title='bbox 647 4289 739 4344; x_wconf 79' lang='lat' dir='ltr'>haberi</span> <span class='ocrx_word' id='word_1_310' title='bbox 764 4291 884 4360; x_wconf 84' lang='lat' dir='ltr'>eoepitt</span> <span class='ocrx_word' id='word_1_311' title='bbox 907 4293 919 4361; x_wconf 77' lang='grc' dir='ltr'>Η</span> <span class='ocrx_word' id='word_1_312' title='bbox 941 4292 1086 4361; x_wconf 80' lang='lat' dir='ltr'>anitiquato</span> <span class='ocrx_word' id='word_1_313' title='bbox 1104 4293 1131 4346; x_wconf 92' lang='lat' dir='ltr'><em>P</em></span> <span class='ocrx_word' id='word_1_314' title='bbox 1192 4293 1231 4349; x_wconf 76' lang='lat'>24</span> <span class='ocrx_word' id='word_1_315' title='bbox 1247 4291 1417 4346; x_wconf 80' lang='lat' dir='ltr'>anticristnin</span> <span class='ocrx_word' id='word_1_316' title='bbox 1443 4290 1472 4345; x_wconf 89' lang='lat' dir='ltr'><strong><em>P</em></strong></span> 
     </span>
    </p>

    <p class='ocr_par' dir='ltr' id='par_1_13' title="bbox 353 4373 1471 4528">
     <span class='ocr_line' id='line_1_37' title="bbox 402 4373 1471 4448; baseline 0.001 -19"><span class='ocrx_word' id='word_1_317' title='bbox 402 4373 582 4442; x_wconf 72' lang='lat' dir='ltr'>itsiquiub</span> <span class='ocrx_word' id='word_1_318' title='bbox 636 4375 673 4432; x_wconf 82' lang='grc'>26</span> <span class='ocrx_word' id='word_1_319' title='bbox 691 4374 876 4430; x_wconf 84' lang='lat' dir='ltr'>duodexxP</span> <span class='ocrx_word' id='word_1_320' title='bbox 935 4377 1157 4448; x_wconf 71' lang='lat' dir='ltr'>iiastyugisP</span> <span class='ocrx_word' id='word_1_321' title='bbox 1215 4377 1471 4446; x_wconf 75' lang='lat' dir='ltr'>eopouioutemei</span> 
     </span>
     <span class='ocr_line' id='line_1_38' title="bbox 353 4457 548 4528; baseline 0.015 -17"><span class='ocrx_word' id='word_1_322' title='bbox 353 4457 506 4528; x_wconf 87' lang='lat' dir='ltr'>ditionemq.</span> <span class='ocrx_word' id='word_1_323' title='bbox 521 4461 548 4514; x_wconf 94' lang='lat' dir='ltr'><strong><em>P</em></strong></span> 
     </span>
    </p>
   </div>
   <div class='ocr_carea' id='block_1_6' title="bbox 0 0 1662 5142">
    <p class='ocr_par' dir='ltr' id='par_1_14' title="bbox 0 0 1662 5142">
     <span class='ocr_line' id='line_1_39' title="bbox 0 0 1662 5142; baseline 0 0"><span class='ocrx_word' id='word_1_324' title='bbox 0 0 1662 5142; x_wconf 95' lang='lat' dir='ltr'> </span> 
     </span>
    </p>
   </div>
  </div>
 </body>
</html>
