3300 5142
336 497 377 562 32
745 496 894 566 Sulpicii
912 497 1027 552 Seueri

334 649 407 716 Heli
421 650 608 716 sacerdotem
622 651 842 718 subirmxerr'nt
864 669 919 718 nos
940 672 1008 718 eam
1021 671 1087 717 rem
1100 653 1138 717 ut
1150 669 1260 734 parum
1274 653 1462 734 compertum

337 754 370 818 in
384 753 485 819 medio
505 755 721 836 relinquemus.

282 858 324 921 ιι
376 856 436 922 Per
460 857 535 922 haec
553 857 692 939 tempora
705 857 806 936 ciuile,
841 859 878 922 ut
896 857 1041 936 diximus,
1063 857 1180 922 bellum
1194 859 1355 935 exarserat,
1370 874 1462 922 cause

305 960 436 1028 cauum
448 961 551 1024 motus
562 959 637 1024 haec
647 959 717 1024 fuit.
728 959 851 1027 Leuites
864 960 991 1042 quidam
1002 978 1073 1024 cum
1083 959 1250 1026 concubina
1263 960 1323 1024 iter
1335 958 1460 1036 ιιιιοιιε,

332 1063 481 1147 urguente
501 1063 589 1126 nocto
610 1061 785 1143 campobus
805 1062 838 1128 in
857 1062 968 1145 oppido
983 1061 1101 1141 (labae,
1122 1062 1204 1145 quod
1224 1063 1263 1127 ab
1277 1061 1460 1128 Beniamitis
1481 1070 1498 1110 ⁵

331 1163 535 1243 incolebatur,
557 1165 747 1230 successerat.
770 1183 841 1228 cum
855 1183 926 1230 eum
940 1183 1029 1230 senor
1043 1165 1170 1248 quidam
1183 1165 1316 1248 hospitio
1330 1164 1459 1248 benigne

331 1266 508 1348 recepisset,
525 1266 649 1332 iuuenes
663 1286 698 1330 ex
714 1267 824 1350 oppido
837 1266 990 1350 hospitem
1004 1267 1249 1346 circumsistunt,
1269 1269 1374 1348 stupro
1388 1285 1460 1330 eum

303 1368 459 1440 esubdere
471 1371 619 1451 parantes.
636 1369 772 1434 multum
786 1389 805 1434 a
818 1388 889 1436 sene
899 1371 1041 1452 increpiti
1051 1389 1200 1454 aegreque
1210 1369 1333 1448 exorati,
1345 1368 1459 1434 nicorio

331 1472 457 1537 demum
477 1471 659 1538 concubinae
684 1472 750 1536 eius
777 1491 900 1555 oorpore
920 1473 953 1538 in
974 1472 1145 1538 ludibrium
1165 1473 1303 1554 accepto,
1326 1472 1459 1537 aduenae

331 1575 542 1656 pepereenmt,
564 1574 747 1657 illusamque
766 1576 855 1640 noete
874 1576 941 1641 tota
959 1577 1078 1657 postem
1099 1575 1149 1641 die
1170 1575 1376 1640 reddiderunt.
1399 1572 1497 1638 Sedro

331 1676 387 1741 illa
401 1677 556 1758 -stupri
577 1677 690 1742 iniuria
710 1696 750 1742 au
771 1677 966 1755 uerecundia,
992 1697 1100 1760 parum
1121 1677 1232 1742 delicio
1247 1715 1288 1723 —
1303 1677 1370 1742 uiso
1391 1676 1458 1740 uiro

301 1779 467 1844 4auimum
478 1777 604 1844 efflauit.
620 1781 690 1844 tum
700 1780 809 1844 Lemta
822 1780 856 1845 in
869 1781 1083 1845 testimonium
1097 1781 1157 1844 diri
1168 1780 1311 1846 memoris
1321 1779 1459 1844 membre

332 1881 398 1946 eius
417 1881 450 1947 in
469 1881 631 1946 duodecim
650 1882 778 1946 discissa
797 1883 898 1964 partes
919 1901 973 1964 per
986 1883 1147 1948 duodecim
1161 1883 1260 1946 tribus
1275 1882 1378 1960 misit,
1398 1899 1458 1963 quo

184 1995 189 2004 “
303 1983 502 2066 spromptius
524 2001 628 2050 omnes
650 1983 725 2050 facti
747 1984 865 2050 inuidia
886 1987 1099 2050 commoneret.
1129 1985 1210 2067 quod
1237 1985 1291 2049 ubi
1316 1984 1458 2050 omnibus

331 2087 533 2168 compertum,
555 2087 696 2152 undecim
716 2088 850 2170 reliquae
869 2088 970 2153 tribus
990 2088 1153 2154 aduersum
1168 2087 1330 2152 Beniamin
1343 2088 1378 2152 in
1390 2086 1495 2152 bel-1⁵

330 2189 397 2253 lum
412 2191 592 2272 conspirant.
609 2191 681 2255 huic
695 2190 775 2255 bello
787 2191 890 2269 Iudas,
902 2194 938 2255 ut
950 2191 1093 2269 diximus,
1108 2191 1170 2255 dux
1185 2190 1256 2254 fuit.
1271 2191 1325 2256 sed
1338 2189 1458 2254 duobus

329 2291 451 2372 proeliis
466 2294 546 2358 mele
560 2297 746 2377 pugnatum:
768 2293 859 2358 tertio
879 2294 1005 2358 demum
1018 2293 1209 2358 Beniamitae
1229 2292 1306 2358 uicti
1321 2293 1458 2374 caesique

329 2395 368 2458 ed
389 2395 638 2461 internecionem:
668 2395 713 2460 ita
733 2413 899 2477 paucomm
924 2396 1023 2459 scelus
1044 2395 1167 2478 publico
1189 2396 1282 2460 exitio
1303 2396 1456 2478 punitum.

302 2496 404 2561 ohaec
417 2497 686 2579 quoqueludicum
701 2497 858 2561 uolumine
878 2497 1086 2563 eontinentur:
1101 2498 1223 2580 Regum
1237 2497 1310 2562 libri
1324 2517 1457 2580 sequun-

329 2599 389 2663 tur.
417 2599 469 2662 sed
489 2599 568 2663 mihi
589 2616 737 2664 annorum
751 2598 889 2663 ordinem
903 2599 938 2662 et
949 2599 1059 2664 seriem
1073 2601 1246 2681 temporum
1265 2599 1495 2682 persequente

303 2713 437 2784 tparum
448 2701 624 2766 continuate
638 2700 761 2764 uidetur
775 2701 911 2766 historia
926 2721 999 2766 nam
1013 2721 1085 2767 cum
1099 2704 1169 2784 post
1182 2702 1310 2768 Samson
1325 2703 1457 2767 iudicem

329 2801 468 2887 Semigar
494 2803 601 2882 fuerit,
629 2803 780 2886 pauloque
801 2805 872 2886 post
891 2802 1021 2869 historia
1041 2805 1199 2889 consignet
1219 2806 1367 2887 populum
1390 2806 1455 2870 siue

329 2905 481 2970 iudicibus
495 2905 610 2990 egisse,
631 2905 702 2970 Heli
718 2905 812 2970 etiam
827 2907 967 2971 sacerdos
981 2907 1070 2972 libris
1084 2926 1248 2992 regnorum
1268 2907 1363 2972 fuisse
1377 2907 1455 2972 refe·

328 3010 428 3087 mun,
448 3007 502 3073 sed
522 3011 597 3091 quot
615 3008 687 3074 anni
707 3009 787 3073 inter
801 3008 874 3073 Heli
895 3011 927 3074 et
941 3009 1068 3075 Samson
1083 3011 1199 3074 fuerint
1218 3010 1345 3075 minime
1360 3009 1455 3091 scrip

328 3114 398 3178 tura
408 3111 586 3194 prodiderit,
596 3111 685 3176 uideo
700 3111 794 3176 medii
806 3112 955 3193 quiddam
969 3111 1064 3178 fuisse
1075 3113 1229 3196 temporis,
1244 3113 1326 3195 quod
1340 3113 1493 3178 laboretae

301 3215 482 3298 dambiguo.
499 3217 633 3280 ceterum
648 3234 666 3278 a
680 3214 729 3278 die
743 3215 853 3279 mortis
865 3216 935 3279 Iesu
950 3233 1045 3297 usque
1059 3216 1092 3281 in
1106 3217 1139 3280 id
1153 3218 1284 3297 tempus,
1295 3235 1355 3298 quo
1366 3215 1455 3280 Sam·

328 3336 383 3382 son
397 3317 557 3382 deonotus
569 3319 624 3394 est,
639 3319 838 3382 numerantur
852 3318 923 3382 anni
934 3334 1018 3382 occo
1028 3319 1060 3383 et
1071 3338 1185 3396 xv1111,
1197 3338 1216 3382 a
1229 3319 1338 3382 mundi
1351 3319 1455 3382 autem

300 3420 448 3485 texordio
462 3419 533 3484 anni
547 3407 603 3486 ιιι-ι
618 3420 724 3484 occet
738 3439 789 3484 111.
806 3438 992 3502 quamquam
1002 3419 1041 3485 ab
1055 3421 1113 3486 hac
1123 3421 1337 3502 supputatione
1352 3423 1456 3486 nostra

429 3605 528 3662 4Juo.
549 3607 592 3662 19.
632 3607 667 3665 15
685 3606 746 3660 Juo.
766 3606 805 3662 20
817 3623 855 3675 sq.

380 3781 395 3834 1
414 3777 458 3832 ltli
480 3779 582 3832 rectius
607 3777 690 3831 ccrtba'
710 3778 816 3830 monuit
835 3777 957 3831 linceius
1020 3780 1195 3847 turgenteb
1258 3777 1276 3834 6
1294 3779 1456 3832 successerat

325 3865 439 3932 accipet:
459 3862 611 3917 succederet
623 3863 660 3926 P,
680 3864 824 3916 secesserat
841 3864 873 3930 b;
891 3865 925 3929 cs.
939 3869 963 3931 1,
977 3866 1022 3931 35,
1040 3867 1058 3916 5
1108 3864 1128 3919 8
1145 3865 1269 3932 parentes
1282 3864 1309 3917 P
1323 3865 1336 3931 ll
1351 3861 1455 3917 exorati

327 3949 472 4018 Siponias:
485 3948 600 4002 exortati
613 3949 651 4011 P,
664 3947 798 4001 exhortati
809 3948 825 4002 b
878 3948 917 4004 10
928 3948 1097 4002 crediderant
1109 3950 1148 4012 P,
1160 3965 1207 4003 cca
1218 3949 1278 4002 iob
1331 3949 1364 4004 11
1379 3963 1453 4002 uere·

327 4035 437 4090 cundiae
450 4035 499 4099 Pb,
513 4051 559 4088 em.
574 4035 605 4088 ia
617 4034 657 4087 ed.
676 4035 765 4088 Gelon.
784 4035 796 4101 ΙΙ
812 4036 919 4102 patrum
931 4035 959 4088 P
1005 4034 1045 4090 1e
1055 4034 1257 4088 internetionem
1271 4035 1299 4088 P
1345 4033 1381 4090 19
1394 4049 1453 4102 rog·

325 4137 419 4176 norum
436 4122 504 4176 coeci
528 4120 562 4174 de
583 4121 684 4188 Proto,
702 4125 734 4174 ct
747 4121 880 4186 crtinfra
901 4121 913 4186 ΙΙ
936 4122 1082 4188 sequuntur
1094 4120 1134 4174 P:
1153 4120 1323 4188 sequenturb
1374 4120 1412 4175 21
1426 4121 1454 4171 et

326 4207 365 4264 22
377 4206 498 4276 hystoria
512 4207 540 4260 P
590 4207 626 4262 21
641 4221 700 4260 oum
712 4205 740 4258 P
750 4221 809 4272 sup.
823 4205 872 4258 lte.
885 4205 933 4258 scd
945 4210 961 4258 1
971 4221 1058 4260 meaa
1108 4205 1147 4264 23
1164 4205 1221 4270 heli
1233 4206 1261 4258 P
1271 4206 1315 4259 bio
1326 4212 1351 4259 et
1364 4205 1453 4272 poulo

324 4298 386 4362 poet
454 4291 493 4347 24
510 4291 555 4345 sed
567 4293 607 4360 P,
620 4298 652 4346 at
663 4290 779 4344 malebat
793 4290 931 4344 Voretieea:
944 4291 991 4345 sed
1003 4307 1084 4360 quum
1101 4291 1117 4344 b
1179 4290 1218 4348 25
1236 4290 1326 4360 uideo]
1338 4289 1414 4356 iudeo
1426 4289 1456 4344 P

376 4377 413 4434 27
427 4391 515 4434 mm
532 4376 686 4432 θιζιιιίιιιιι.Ι
699 4390 769 4430 vum
786 4376 815 4430 P
877 4366 977 4432 2851}
994 4378 1052 4432 Po:
1070 4391 1102 4430 ιι
1114 4375 1173 4431 edd.
1190 4377 1293 4432 multoe
1304 4391 1453 4446 ριιμιαιιι

337 4465 351 4534 ΙΙ
371 4463 420 4534 ιιι]
431 4477 508 4518 xxm
522 4461 652 4532 Sipoaiue
