3300 5142
579 511 924 608 nenegasse-re.
1254 534 1316 602 165

185 691 349 758 holeribus
364 691 520 776 copiosus,
542 691 575 756 id
590 691 715 775 quidem
730 693 836 758 contra
849 693 993 757 naturam
1008 688 1115 769 eremi,
1137 689 1192 756 ubi
1212 686 1316 754 omnia

193 794 326 874 arentia,
349 795 456 860 exusta
470 793 543 859 solis
557 793 731 874 ardoribus,
753 793 870 860 nullius
884 811 1032 876 nmquam
1047 792 1172 859 seminis
1186 791 1237 857 uel
1251 790 1315 856 eri-

194 917 289 982 guam
303 896 437 962 redicem
452 895 563 962 fersmt.
586 915 695 962 uerum
719 896 777 962 hoc
802 897 907 962 sancto
933 895 983 960 illi
1007 895 1096 961 labor
1120 913 1191 960 cnm
1209 902 1344 977 peoorea

195 999 365 1064 communis
391 1000 422 1065 et
447 999 568 1082 propria
592 998 770 1082 praestabat
795 997 964 1064 industria:
986 997 1128 1082 frequens
1142 997 1225 1063 enirn
1238 996 1316 1062 inri-

161 1129 184 1168 1
195 1102 280 1187 gotio
296 1085 445 1184 aquarum
459 1103 580 1166 tantam
594 1100 811 1186 pinguedinem
824 1099 948 1168 harenis
962 1101 1071 1181 dabat,
1093 1101 1130 1166 ut
1148 1100 1264 1166 mirum
1282 1098 1317 1165 irr

195 1205 321 1270 modum
335 1204 433 1269 uisere
453 1204 551 1287 adque
566 1202 750 1271 fructificare
764 1205 848 1271 horti
861 1205 947 1270 illins
961 1204 1066 1270 holera
1079 1202 1256 1271 uiderimus.
1280 1209 1347 1270 014

188 1305 234 1371 'iis
249 1307 347 1391 igitur
361 1325 421 1372 nna
435 1324 505 1371 cum
520 1306 644 1373 domino
658 1307 712 1372 bos
732 1307 786 1373 ille
806 1308 948 1374 uiuebat:
971 1307 1057 1374 nobis
1078 1325 1196 1391 quoque
1220 1326 1256 1373 ex
1280 1324 1317 1373 ea

195 1410 281 1492 copia
301 1427 407 1475 cenam
431 1411 554 1476 sanctus
579 1410 674 1476 dedit.
698 1410 743 1476 ibi
762 1411 845 1489 uidi,
868 1410 949 1494 quod
975 1427 1030 1477 uos
1055 1409 1140 1477 Galli
1159 1410 1238 1476 forte
1257 1427 1318 1476 non

196 1512 335 1591 creditis,
359 1511 453 1577 ollam
479 1529 549 1579 cum
576 1512 746 1593 holeribus,
769 1532 845 1596 qnae
865 1513 952 1579 nobis
966 1516 1000 1580 in
1024 1531 1131 1579 cenam
1154 1532 1318 1597 praepara·

150 1631 186 1670 10
196 1614 324 1693 bantur,
347 1615 412 1680 sine
426 1615 498 1700 igne
512 1614 643 1681 feruere:
666 1617 755 1682 tanta
769 1615 817 1681 uis
832 1615 983 1696 11111111,
1005 1618 1043 1682 11
1063 1616 1251 1699 quibuslibet
1266 1633 1317 1681 oo-

196 1717 264 1800 quis
284 1717 376 1783 etiam
395 1718 435 1784 ad
465 1715 624 1784 Gallorum
638 1718 798 1801 pulmenta
823 1717 965 1786 sufficiat.
988 1721 1059 1803 post
1083 1737 1189 1786 cenam
1214 1719 1346 1794 autema

194 1821 258 1886 iam
271 1821 437 1886 inclinante
451 1838 577 1903 uespera
591 1819 705 1886 inuitat
718 1839 772 1886 nos
786 1823 827 1888 ad
841 1821 981 1888 arborem
994 1821 1146 1906 palmam,
1168 1823 1254 1888 cuius
1268 1821 1318 1888 irr-

195 1923 317 1989 terdum
332 1923 431 2007 pomis
445 1923 494 1989 111
509 1922 640 2002 solebat,
663 1941 740 2006 quae
754 1923 816 1989 fere
832 1924 950 1990 duobus
964 1923 1092 1990 milibus
1106 1925 1221 1991 aberat.
1244 1938 1346 1994 namo

195 2026 253 2092 hae
266 2027 390 2092 tantum
403 2027 437 2091 in
451 2043 550 2092 eremo
571 2025 707 2105 arbores,
729 2026 803 2093 licet
822 2044 907 2107 raro,
929 2026 1081 2094 habentur
1099 2029 1212 2093 tamen.
1236 2028 1319 2111 quod

156 2131 302 2197 neutrum
332 2129 438 2194 sollers
462 2129 631 2212 antiquitas
655 2128 881 2213 procurarent,
914 2149 953 2196 an
979 2129 1037 2194 soli
1060 2131 1173 2195 natura
1198 2131 1318 2215 gignat,

196 2232 318 2317 ignoro,
340 2232 401 2297 nisi
415 2231 499 2298 Deus
513 2231 667 2314 praescius
681 2231 883 2298 habitandam
898 2233 1077 2315 quandoque
1091 2251 1110 2298 1
1125 2232 1239 2298 sanctis
1253 2250 1318 2298 ere·

196 2354 284 2400 mum
303 2335 377 2400 haec
398 2335 495 2400 seruis
515 2333 579 2400 suis
592 2334 756 2418 parauerit.
780 2335 944 2401 armaiore
959 2335 1157 2418 erimperto,
1172 2335 1225 2418 qui
1236 2334 1346 2404 intras

195 2437 250 2502 illa
271 2439 386 2503 secreta
406 2437 591 2516 consistunt,
615 2455 685 2503 cum
711 2437 773 2504 alia
798 2437 844 2502 ibi
870 2437 1010 2522 germina
1034 2437 1121 2503 nulla
1145 2437 1319 2518 succedant,

123 2619 126 2625 A
194 2539 326 2606 istarum
352 2539 496 2606 arborum
520 2539 620 2621 pomis
646 2539 779 2606 aluntur.
813 2557 886 2625 ergo
905 2541 960 2606 nbi
980 2541 1020 2607 ad
1039 2541 1142 2620 illam,
1165 2540 1320 2624 adquam

153 2660 248 2709 aenos
273 2642 450 2708 humanitas
481 2642 578 2708 nostri
608 2642 739 2726 hospitis
770 2643 917 2722 ducebat,
951 2643 1089 2709 arborem
1114 2643 1318 2726 paruerimus,

194 2744 312 2810 leonem
327 2745 372 2809 ibi
386 2743 583 2810 offendimus:
606 2762 666 2828 qno
680 2745 748 2810 uiso
768 2763 825 2830 ego
845 2747 877 2811 et
896 2745 950 2811 ille
969 2747 1031 2812 dur
1050 2764 1137 2812 mens
1155 2745 1319 2813 intremui·

194 2867 279 2926 mus,
303 2849 425 2914 sanctus
453 2864 524 2912 nero
549 2847 604 2913 ille
629 2847 841 2914 inconstanter
865 2849 1008 2914 accessit:
1030 2865 1086 2914 nos
1107 2848 1181 2916 licet
1205 2849 1320 2933 trepidi

195 2950 294 3018 secuti
320 2968 436 3016 sumus.
460 2948 525 3016 fera
551 2951 714 3034 paululum
729 2987 770 2997 -
786 2968 923 3016 cemerss
947 2949 1133 3036 imperatam
1158 2971 1178 3016 1
1198 2951 1262 3016 Ι)11
1277 2958 1348 3014 -8

195 3054 335 3120 modesta
350 3053 474 3118 secessit
488 3054 519 3119 et
534 3053 683 3132 constitit,
700 3053 774 3118 dum
789 3052 842 3117 ille
857 3038 980 3138 attigua
993 3053 1088 3118 ramis
1102 3052 1319 3119 humilioribus

154 3181 185 3223 aa
195 3175 285 3240 poma
310 3157 491 3240 decerperet.
525 3173 655 3238 cumque
679 3153 802 3236 plenam
828 3153 973 3237 palmulis
996 3174 1123 3220 manum
1146 3155 1318 3235 obtulisset,

194 3259 333 3325 adcurrit
346 3258 445 3324 bestia
459 3258 635 3341 accepitque
649 3259 715 3324 tam
730 3256 825 3322 libere
840 3277 934 3341 quarn
948 3257 1070 3322 nullum
1084 3257 1200 3323 animal
1215 3258 1319 3323 dome-

249 3464 264 3520 1
284 3461 418 3518 holeribus
427 3462 529 3532 AF&
537 3463 577 3518 sic
585 3461 741 3531 deinceps).-
754 3461 899 3518 oleribuse
944 3460 963 3519 3
975 3461 1132 3517 1111111111
1143 3461 1225 3517 Gieel.
1238 3461 1319 3518 labri.-

191 3549 315 3605 tecerunt
323 3549 363 3618 A,
376 3546 1013 3619 111111111(111111111111Ε1111.)1111111Γο,
1025 3547 1321 3616 1111111111111111111

206 3637 219 3704 ll
242 3633 339 3706 pecude
351 3635 437 3690 Rosea.
451 3641 477 3689 et
494 3633 549 3689 cod.
564 3633 654 3688 Berol.
716 3631 734 3690 6
752 3633 845 3688 uisere
854 3632 919 3687 ΒΜ
937 3634 950 3700 ll
972 3632 1118 3687 uiderimus
1130 3632 1321 3687 1112111111-

195 3737 312 3777 ramoso
334 3722 346 3790 11
369 3737 400 3775 ex
413 3720 455 3774 his
467 3720 525 3774 AF
585 3719 603 3776 'i
622 3735 681 3773 cum
692 3717 798 3773 domino
811 3733 858 3772 suo
876 3717 1043 3788 Rostoeydrse
1117 3717 1136 3776 8
1154 3720 1261 3773 sanctus
1273 3717 1321 3771 ille

196 3807 284 3863 Rosw.
333 3807 351 3864 9
370 3805 483 3861 credetis
493 3805 526 3860 de
536 3805 625 3860 Proto
642 3807 654 3873 ΙΙ
670 3803 899 3874 praeparabantur
909 3805 937 3858 A
948 3809 975 3858 et
990 3803 1030 3858 ed.
1037 3803 1160 3860 Aldina:
1178 3815 1323 3873 praepera-

194 3893 276 3948 batnr
294 3892 339 3949 Fa
392 3893 429 3950 12
447 3891 592 3946 inclinante
613 3890 669 3944 iarn
697 3888 728 3945 F
746 3891 759 3958 ll
781 3889 885 3960 palmae
904 3889 961 3946 cod.
983 3888 1073 3944 Berol.
1135 3889 1173 3946 14
1189 3886 1322 3942 habentur

191 3978 265 4050 quod
276 3982 367 4034 tamen
379 3979 469 4033 ntrurn
481 3976 537 4033 eod.
554 3977 673 4033 Venetae
685 3975 762 4045 apacd
774 3975 808 4030 de
820 3976 909 4030 Proto
961 3975 999 4035 15
1017 3974 1068 4030 soli
1080 3973 1120 4029 B:
1138 3973 1203 4027 solis
1215 3972 1322 4029 Ammo

249 4063 285 4122 16
304 4065 357 4119 1111
370 4060 472 4118 AFM:
485 4061 538 4116 nisi
551 4063 575 4116 si
587 4061 646 4116 edd.
701 4061 738 4119 17
756 4061 957 4132 praeparauerit
969 4061 1057 4117 Rosea.
1125 4057 1162 4116 18
1180 4057 1323 4114 succedant

194 4149 261 4205 ΒΜ
263 4169 269 4203 :
288 4149 430 4206 succedunt
441 4147 528 4214 Are,
548 4149 713 4202 succrescant
724 4148 793 4204 corsi
808 4146 842 4201 de
853 4147 943 4202 Prata
995 4145 1036 4204 20
1044 4145 1224 4200 humanitatis
1235 4143 1323 4198 nostri

193 4235 252 4291 dne.
266 4237 293 4290 A
301 4253 346 4306 pr.
368 4251 401 4289 m.
422 4236 487 4303 fort.
509 4250 543 4290 ex
563 4233 717 4288 humanitas
736 4233 851 4302 hospitis
870 4251 896 4288 n.
918 4230 1271 4302 dnc.(hosp.ndnc.hu1n
1285 4229 1323 4299 Β)

248 4322 286 4379 22
304 4321 351 4376 ille
363 4339 411 4376 orn.
425 4321 455 4375 F
504 4319 542 4378 23
560 4323 591 4374 11
602 4334 720 4374 11111111
732 4319 772 4373 ed.
787 4319 866 4388 Ald,
884 4325 917 4373 11
928 4325 969 4373 est
979 4318 1060 4385 infra
1072 4331 1093 4372 c.
1107 4320 1151 4385 14,
1164 4320 1182 4371 5
1203 4319 1216 4386 ll
1239 4316 1323 4386 irnpe-

195 4409 257 4462 rata
268 4407 298 4462 F
346 4404 680 4464 2411111111111.Α111.11
691 4405 728 4459 Μ
731 4424 740 4459 .·
758 4404 883 4459 discessit
894 4404 968 4460 Are
1018 4403 1057 4462 25
1075 4401 1200 4472 palmalis
1211 4401 1321 4458 Fcorr.

248 4492 286 4550 26
304 4491 418 4548 occurrit
430 4491 512 4562 ΑΕΘ
802 4508 806 4518 ·
