3300 5142
330 513 394 580 164
748 509 897 581 Sulpicii
920 509 1039 566 Seueri

329 664 435 745 sudio,
457 685 554 750 nuper
577 667 715 752 ignouit,
746 667 773 732 si
799 665 885 732 istud
911 665 1050 744 audiret,
1072 663 1173 750 magis
1198 663 1357 748 magisque
1381 680 1462 746 pro·

328 769 429 854 posito
449 769 681 836 confirmaretur
700 769 854 852 exemplo,
876 768 1067 852 praeclaram
1081 786 1147 834 esso
1160 767 1313 833 uirtutem
1331 766 1457 831 iracun-

300 872 382 942 edis
406 889 466 938 uon
490 872 617 938 moueri.
645 890 701 938 nec
725 889 797 938 uero
823 871 982 938 infitiabor
1006 872 1104 937 iustas
1129 869 1178 936 illi
1204 887 1312 936 causas
1338 868 1454 934 irarum

329 973 440 1042 luisse:
476 975 529 1041 sed
554 974 608 1041 ubi
634 975 739 1041 durior
765 992 884 1060 pugna,
908 974 953 1040 ibi
974 973 1136 1059 gloriosior
1157 975 1206 1040 est
1230 990 1348 1038 corona.
1375 972 1455 1036 unde

329 1077 497 1161 quendam,
520 1076 547 1142 si
571 1077 726 1162 agnoscis,
750 1095 856 1144 censeo
877 1077 944 1143 iure
963 1075 1171 1156 laudandum,
1195 1075 1278 1159 quod
1298 1094 1370 1141 eum
1384 1093 1455 1139 eum
1479 1098 1507 1138 ι

329 1179 460 1246 libertus
485 1178 654 1246 deseruerit
689 1180 845 1265 ingratus,
878 1180 1045 1246 miseratus
1076 1181 1125 1245 est
1154 1179 1378 1264 potiusquam
1406 1177 1455 1241 in·

330 1283 465 1348 sectatus
480 1281 652 1348 abermtem.
676 1283 730 1348 sed
754 1301 853 1366 noque
877 1282 926 1348 illi
949 1283 1109 1362 irascitur,
1132 1300 1152 1348 a
1176 1300 1236 1365 quo
1256 1280 1381 1346 uidetur
1400 1279 1456 1344 ab·

301 1383 450 1450 sonem.
473 1385 539 1469 Ego
554 1387 674 1451 autem:
689 1385 750 1451 nisi
764 1385 851 1452 istud
864 1386 1032 1452 uincendus
1046 1384 1222 1451 iracundiae
1236 1382 1457 1448 Postumisnus

330 1485 516 1572 prodidisset
541 1487 729 1572 exemplum,
763 1488 903 1574 grauiter
933 1489 1079 1554 nascerer
1102 1486 1286 1552 discessione
1310 1484 1456 1570 fugitiuis

331 1589 384 1654 sed
399 1588 472 1672 quis
486 1589 651 1664 irascinon
664 1591 752 1670 licet,
775 1593 843 1658 tota
862 1590 993 1658 istorum
1019 1589 1283 1668 commemoratio,
1306 1605 1383 1671 quae
1401 1603 1502 1652 nosro

304 1692 515 1776 ooonpungit,
549 1691 697 1759 abolenda
721 1694 777 1758 ost.
811 1696 858 1774 to,
881 1694 1021 1777 inquam,
1054 1692 1329 1771 Postumianae
1353 1688 1458 1772 potius

331 1793 500 1860 audiamus.
524 1793 665 1874 Faciam,
700 1795 816 1878 inquit,
844 1794 976 1878 Sulpici,
1004 1795 1085 1880 quod
1109 1793 1275 1878 praecipis,
1307 1794 1458 1876 quatenus

330 1899 398 1964 tum
413 1896 565 1962 studiosos
579 1915 644 1963 esse
659 1897 802 1964 audiendi
817 1916 873 1964 uos
887 1899 986 1964 uideo.
1015 1898 1069 1964 sod
1083 1899 1285 1974 momentulo,
1308 1896 1459 1979 quianon

331 1998 396 2076 sine
420 1998 540 2066 faenore
564 1999 661 2066 istum
687 2001 769 2084 apud
794 2018 851 2067 uos
876 2002 992 2085 depono
1012 2018 1198 2066 sermonem:
1220 1998 1320 2064 libens
1334 1997 1458 2082 praesto

332 2102 413 2187 quod
427 2101 568 2186 poscitis,
591 2103 757 2170 dummodo
772 2105 865 2186 paulo
884 2105 955 2188 post
975 2104 1056 2187 quod
1075 2119 1238 2187 poposcero
1251 2119 1312 2168 non
1325 2100 1456 2185 negetis.
1468 2122 1505 2162 rs.

305 2205 497 2286 consuere,
520 2206 662 2290 inquam,
684 2205 764 2271 nihil
778 2207 943 2287 habemus,
960 2207 999 2272 in
1013 2223 1072 2289 quo
1087 2205 1145 2271 tibi
1159 2207 1307 2271 mutuum
1322 2203 1375 2269 uel
1389 2202 1459 2267 sine

333 2309 453 2376 faenore
467 2308 629 2376 restituere
648 2310 887 2394 possimus-sed
908 2313 1012 2376 tamen
1031 2307 1182 2392 quidquid
1200 2305 1373 2390 putauerit,
1396 2306 1459 2371 im·

332 2415 454 2497 pereto,
483 2411 663 2492 dummodo,
693 2414 729 2477 ut
755 2429 911 2496 coeperas,
944 2411 1103 2478 desideriis
1128 2409 1242 2477 nostris
1268 2408 1459 2475 sctideciss:

306 2515 424 2584 uuslde
449 2515 531 2580 onim
556 2531 611 2580 nos
636 2513 769 2580 delectat
784 2516 840 2580 tuo
853 2515 960 2581 oratio.
983 2515 1087 2594 Nihil,
1110 2513 1211 2597 inquit
1226 2512 1458 2591 Postumiauus,

333 2618 439 2684 uestra
452 2616 557 2683 studio
571 2615 734 2682 fraudabo:
758 2619 790 2683 et
805 2616 878 2700 quia
897 2618 1043 2684 eremitae
1057 2617 1150 2683 unius
1168 2614 1340 2701 agnouistis
1354 2615 1458 2680 uirtu-
1467 2647 1501 2690 ,a

334 2721 414 2798 tem,
436 2718 567 2786 referam
581 2719 680 2786 adhuc
694 2719 783 2785 uobis
797 2739 895 2804 pauca
908 2721 947 2786 de
959 2719 1112 2803 plurimis.

286 2837 325 2903 13
376 2823 458 2907 Ergo
478 2822 533 2888 ubi
552 2822 653 2907 prima
672 2823 766 2890 eremi
787 2823 943 2908 ingressus
957 2841 1043 2903 sum,
1065 2822 1226 2889 duodecim
1251 2821 1314 2887 iere
1339 2839 1359 2886 a
1383 2819 1459 2884 Nilo

334 2924 675 2992 milibus-habebam
702 2928 806 2992 cutem
831 2945 928 2992 unum
958 2944 995 2992 ex
1015 2925 1164 2991 fratribus
1190 2924 1299 2992 ducem
1320 2923 1459 2989 locorum

334 3027 469 3114 peritum
481 3065 521 3074 -
532 3028 726 3110 peruenimus
741 3030 779 3094 od
794 3029 946 3112 quendam
960 3047 1064 3094 senem
1082 3027 1267 3094 monachum
1282 3026 1339 3091 sub
1356 3007 1460 3090 radios

334 3131 448 3196 montis
462 3129 663 3196 habitantem.
686 3131 746 3211 ibi,
770 3133 851 3215 quod
871 3132 904 3198 in
923 3131 987 3197 illis
1006 3131 1082 3196 locis
1101 3128 1295 3196 rarissimum
1315 3129 1377 3208 est,
1397 3147 1506 3210 pura

307 3233 404 3298 uuus
418 3235 492 3298 erat.
515 3233 625 3298 bouem
640 3252 735 3299 unum
749 3233 900 3315 habebat,
923 3235 1011 3300 cuius
1025 3233 1076 3300 hic
1090 3235 1156 3300 erat
1170 3235 1256 3298 totus
1270 3230 1373 3310 labor,
1395 3230 1458 3294 iru-

335 3335 424 3419 pulse
443 3335 534 3400 rotuli
559 3335 701 3402 machine
725 3355 838 3419 squam
851 3339 1032 3420 producere:
1054 3357 1127 3403 nam
1141 3335 1204 3401 fere
1217 3333 1306 3400 mille
1320 3336 1377 3399 sut
1390 3353 1459 3398 am·

334 3437 416 3522 plius
431 3438 542 3522 pedum
556 3437 742 3522 profundum
756 3440 842 3522 putei
862 3440 1026 3506 ferebatur.
1048 3439 1156 3506 hortus
1176 3438 1243 3504 illic
1262 3438 1329 3504 erat
1348 3436 1461 3502 multis

388 3692 563 3762 lsi]istcV
622 3692 817 3751 3neouiroV
865 3692 1329 3766 tugnoscit(—steorr.F)AF
1377 3691 1459 3748 eoe-

336 3779 449 3833 seruerit
459 3779 569 3848 ignarus
580 3779 724 3834 miseratus
735 3780 766 3836 F
778 3782 811 3836 ic
828 3797 881 3836 ros.
895 3781 974 3838 tutet
985 3798 1018 3836 m.
1032 3781 1134 3849 Meloe
1145 3779 1270 3851 libertus)
1341 3777 1376 3835 11
1395 3792 1458 3832 oon·

335 3863 432 3934 pugnit
448 3863 478 3920 F
495 3864 633 3934 (conpugit
655 3866 737 3936 corr.)
796 3866 833 3924 12
857 3870 885 3922 et
907 3867 1091 3937 postumianus
1115 3867 1167 3935 (sic
1188 3867 1288 3934 minio)
1310 3863 1407 3918 iactum
1434 3863 1464 3918 V

347 3950 360 4019 u
382 3949 483 4018 Sulpici
512 3949 546 4005 dc
577 3951 678 4006 Proto:
705 3951 777 4021 galle
807 3953 871 4008 ocri
945 3953 983 4011 13
1001 3969 1057 4006 csse
1078 3951 1202 4006 audiendi
1221 3967 1269 4006 uos
1289 3950 1328 4005 F:
1347 3965 1403 4004 esse
1423 3948 1459 4004 ad

337 4033 465 4089 audiendo
477 4052 573 4090 ...auos
589 4037 697 4102 V,'essc
709 4053 756 4091 uos
768 4037 828 4092 aud.
841 4039 881 4103 A,
895 4037 1020 4093 audiendi
1032 4055 1088 4093 esse
1099 4053 1175 4093 uoso
1228 4036 1266 4093 14
1276 4035 1381 4090 foenore
1389 4035 1458 4089 mci:

336 4117 424 4174 fenore
447 4120 502 4188 (oct
525 4121 605 4191 foen.)
629 4121 688 4176 cdd.
761 4123 797 4179 16
815 4124 844 4177 et
864 4123 952 4194 gallus
974 4125 1025 4193 (stc
1044 4125 1142 4193 mineo)
1164 4140 1211 4178 nos
1234 4138 1297 4176 uero
1317 4119 1410 4189 inquid
1434 4118 1466 4174 V

390 4204 426 4261 19
444 4205 714 4262 tucdelectstoratio
726 4207 762 4261 Μ
790 4211 802 4278 l}
834 4210 1057 4279 etpostumianus
1069 4211 1120 4278 (sic
1131 4209 1229 4277 minio)
1244 4206 1315 4261 nihil
1326 4204 1419 4274 inquid
1434 4203 1463 4258 V

388 4289 428 4347 20
445 4290 566 4346 erimitae
582 4293 609 4348 V
627 4295 639 4362 Η
663 4293 740 4347 unius
756 4294 783 4349 V
796 4301 822 4350 et
839 4295 1022 4367 Rosweydas:
1049 4295 1203 4364 incipientis
1220 4293 1299 4348 unius
1315 4291 1355 4356 F,
1379 4288 1461 4344 unius

336 4374 491 4445 incipientis
503 4377 546 4434 Ao
598 4377 814 4448 21pluribusA
867 4380 1123 4438 23e1ffl⁷2ev
1174 4375 1472 4439 deberem-decer·-

335 4463 412 4532 perot
423 4463 461 4532 (p.
475 4465 536 4534 165,
549 4465 598 4534 25)
610 4465 676 4520 tocc
688 4463 787 4522 desunt
798 4466 831 4524 io
846 4467 941 4524 Vasta
953 4466 1052 4524 scheda
1063 4467 1164 4523 ammos
