3300 5142
528 1616 977 1730 Praefatio.

651 1917 854 1926 -----

235 2249 354 2344 Aurei
390 2265 520 2358 libelli,
564 2266 627 2365 qui
663 2263 875 2339 inscribitur
914 2262 1162 2354 Octauius,
1208 2291 1321 2338 unum

185 2387 391 2488 exemplum
415 2388 461 2460 ad
483 2397 636 2461 aetatem
659 2397 822 2459 nostram
852 2385 1036 2484 peruenit,
1070 2385 1169 2483 quod
1202 2395 1323 2459 exstat

184 2507 221 2581 in
246 2508 371 2582 codice
393 2507 560 2581 Parisino
583 2534 618 2580 n.
645 2510 756 2596 1661,
786 2503 943 2578 Arnobii
966 2515 1106 2604 septem
1127 2503 1230 2579 libris
1259 2506 1321 2578 ad-

187 2655 313 2703 uersus
335 2627 502 2702 nationes
525 2629 719 2701 adnexum.
754 2625 940 2699 inuenitur
962 2624 1021 2699 ille
1044 2625 1190 2723 quidem
1214 2627 1323 2700 etiam

185 2749 223 2822 in
246 2748 370 2823 codice
388 2747 635 2838 Bruxellensi,
660 2747 724 2820 sed
746 2747 845 2819 hunc
867 2745 1115 2845 apographum
1135 2746 1322 2820 essePari·

186 2868 257 2943 sini
292 2868 432 2940 dudum
464 2867 508 2940 ab
543 2866 754 2941 hominibus
789 2865 959 2939 litteratis
995 2865 1220 2940 intellectum
1256 2878 1322 2940 est.

185 2988 384 3063 editionem
407 2999 527 3062 autem
559 2987 778 3087 principem,
811 3011 903 3085 quae
933 2985 1107 3059 Fausto
1145 2985 1322 3060 Sabaeo

184 3108 410 3181 Brixiano
433 3119 582 3181 curante
608 3107 747 3181 Romae
773 3132 802 3178 a.
825 3108 923 3180 1543
948 3105 1103 3205 prodiit,
1134 3132 1181 3179 ex
1199 3105 1324 3180 codice

183 3226 350 3302 Parisino
368 3227 527 3303 fluxisse.
543 3253 589 3301 ex
612 3227 700 3328 ipsis
719 3227 795 3300 eius
810 3225 1027 3300 lectionibus
1047 3224 1135 3300 satis
1156 3237 1320 3324 apparet:

185 3349 231 3421 dc
245 3374 315 3446 qua
328 3373 368 3420 re
379 3346 552 3446 quoniam
559 3347 740 3421 dubitatio
751 3347 905 3421 subnata
914 3359 980 3437 est,
1000 3359 1142 3446 praeter
1152 3346 1324 3420 lectiones

184 3467 341 3541 Parisini
364 3468 562 3568 scripturas
587 3493 733 3567 quoque
756 3466 927 3541 editionis
950 3465 1123 3567 principis
1155 3466 1191 3539 in
1222 3493 1321 3540 com·

184 3588 402 3662 montarium
421 3588 587 3662 criticum
602 3588 826 3688 recipiendas
841 3586 1143 3678 existimauimus,
1161 3612 1324 3687 praeser-

185 3709 251 3782 tim
274 3733 357 3782 oum
379 3708 447 3783 hae
469 3707 568 3808 ipsae
598 3733 680 3782 cum
703 3707 921 3782 lectionibus
952 3707 1030 3782 siuc
1058 3707 1180 3808 potius
1204 3733 1325 3780 emen·

186 3827 394 3902 dationibus
417 3828 575 3901 Fuluii
597 3827 778 3919 Vrsini,
808 3829 871 3927 qui
904 3829 1100 3903 secundam
1128 3827 1326 3901 editionem

184 3948 387 4024 Romanam
410 3975 440 4023 a.
464 3949 733 4041 massuram,
757 3974 864 4049 saepe
886 3949 1058 4023 confusae
1082 3947 1165 4022 sint.
1190 3946 1324 4021 codicis

185 4080 305 4143 autem
326 4068 485 4142 Parisini
506 4068 681 4144 lectiones
710 4069 747 4142 in
771 4095 877 4143 usum
911 4080 1078 4144 nostrum
1101 4067 1233 4140 iterum
1259 4092 1324 4142 ex-

185 4189 330 4289 scripsit
365 4190 576 4263 Andreas
611 4188 910 4282 Laubmann,
961 4187 1096 4264 sodalis
1140 4189 1325 4286 quondam

185 4308 369 4383 seminarii
391 4308 602 4409 philologici
611 4309 852 4401 Monacensis,
876 4309 939 4410 qui
961 4321 1062 4383 tanta
1080 4307 1268 4408 diligentia
1287 4307 1325 4380 in

185 4455 252 4503 suo
275 4429 425 4528 negotio
450 4439 616 4504 uersatus
640 4443 707 4521 est,
731 4442 772 4504 ut
794 4432 841 4504 de
863 4429 963 4504 nullo
981 4430 1052 4504 iam
1071 4428 1151 4504 loco
1166 4427 1326 4502 dubitari
