3300 5142
348 565 389 630 68
764 565 911 634 Sulpicii
934 563 1049 617 Seueri

346 719 472 785 tudinis.
502 719 588 785 ouius
614 740 683 784 oum
708 718 841 784 formam
862 719 1003 784 omnibus
1024 719 1229 818 praedicaret,
1254 717 1305 782 die
1325 717 1469 799 quodam,

347 839 417 888 cum
432 821 588 904 pubhcum
604 823 779 886 conuiuium
795 822 903 899 dabat,
930 822 1034 886 adesse
1055 821 1194 905 reginam
1214 819 1467 886 demonstrandae

318 923 582 1007 epulchritudinis
597 925 698 1007 gratia
712 925 805 989 iubet.
822 925 878 988 illa
888 943 960 990 uero
971 925 1068 989 stulto
1079 943 1149 1007 rego
1163 923 1338 999 consultior,
1349 921 1465 1003 pudens

345 1027 482 1092 uirorum
496 1027 592 1091 oculis
607 1027 814 1110 spectaculum
834 1027 966 1110 eorporis
987 1026 1143 1109 praebere,
1166 1026 1249 1090 iussa
1263 1025 1380 1090 abnuit.
1403 1043 1464 1105 qua

347 1129 530 1194 contumelia
541 1129 688 1193 barbarus
699 1129 819 1194 animus
830 1132 987 1210 permotus
997 1146 1121 1194 uxorem
1129 1125 1466 1209 matrimonioacregia
1492 1145 1505 1186 s

318 1231 480 1314 edspsllit.
504 1231 600 1314 igitur
621 1249 691 1296 cum
713 1233 746 1296 in
766 1231 868 1296 locum
881 1232 947 1296 eius
961 1233 1063 1313 puella
1085 1232 1166 1316 regis
1180 1231 1321 1313 coniugio
1339 1246 1464 1310 quaero-

345 1334 444 1410 retur,
467 1343 585 1414 reperta
607 1336 654 1398 est
668 1335 778 1398 Esther
799 1336 914 1398 ceteras
936 1334 1033 1415 specie
1055 1334 1183 1399 uincere.
1207 1334 1282 1398 haec
1296 1332 1409 1396 Iudaea
1428 1348 1465 1393 ox

346 1435 430 1499 tribu
454 1435 629 1514 Beniamin,
656 1439 783 1518 utroque
809 1439 933 1518 parente
954 1437 1042 1514 orba,
1068 1458 1087 1501 a
1109 1437 1307 1502 Mardochaeo
1331 1432 1464 1516 patrueli

318 1537 440 1605 efrata
454 1539 571 1604 educta.
596 1558 666 1604 eum
681 1539 720 1604 ad
734 1539 850 1622 regales
865 1540 989 1622 nuptias
1005 1540 1179 1615 duceretur,
1201 1538 1366 1602 mandante
1388 1536 1462 1601 odu-

346 1643 446 1706 catore
457 1659 552 1724 genus
567 1645 594 1704 ct
608 1642 741 1723 patriam
752 1641 929 1719 occultanti,
942 1642 1098 1706 admonita
1109 1661 1146 1706 ne
1156 1644 1354 1722 paternarum
1364 1637 1464 1704 traoi-
1479 1654 1507 1694 ιο

345 1743 465 1808 honum
480 1743 649 1821 immemor,
660 1745 719 1808 etsi
734 1745 767 1808 iu
777 1745 1009 1809 matrimonium
1020 1744 1207 1827 alienigenae
1220 1743 1345 1826 captiua
1359 1759 1462 1806 sucee-

318 1847 444 1924 7deret,
468 1847 631 1928 gentilium
653 1847 730 1912 cibis
745 1847 952 1929 participaret.
975 1847 1072 1930 igitur
1096 1847 1201 1910 iuncta
1225 1846 1291 1928 rogi
1311 1844 1412 1920 breui,
1433 1845 1470 1908 ut

344 1949 390 2025 lit,
401 1949 434 2013 ui
445 1949 680 2030 pulchritudinis
696 1951 797 2014 totum
812 1950 876 2013 eius
891 1949 1028 2014 animum
1042 1949 1133 2014 facile
1147 1949 1237 2030 cepit,
1252 1949 1326 2012 adeo
1341 1949 1377 2012 ut
1390 1965 1459 2011 eam

346 2051 507 2132 aequatam
522 2051 648 2132 imperio
663 2051 777 2134 insigni
792 2053 884 2135 regio,
900 2053 984 2116 ueste
998 2070 1149 2134 purpurea
1164 2053 1243 2116 dona
1275 2051 1299 2113 t.

299 2158 337 2223 1⁸
388 2151 455 2232 Qua
476 2155 658 2236 tempestate
679 2155 897 2219 Mardochaeus
924 2155 1004 2219 inter
1030 2154 1182 2236 proximos
1211 2154 1292 2236 regis
1314 2156 1389 2229 erat,
1412 2169 1505 2234 pron

344 2256 429 2321 uirili
450 2257 587 2338 portione
608 2257 801 2340 negotiorum
822 2256 1025 2322 familiarium
1046 2257 1174 2322 curator.
1199 2256 1227 2320 is
1249 2256 1467 2337 compositura

345 2360 461 2424 duobus
483 2359 667 2441 spadonibus
688 2360 754 2442 regi
775 2359 904 2424 insidias
926 2360 1114 2440 prodiderat,
1142 2360 1233 2440 atque
1254 2376 1291 2422 ex
1311 2375 1346 2422 eo
1368 2359 1465 2422 carior

316 2461 532 2542 asummisque
557 2461 720 2525 honoribus
744 2463 885 2526 donatus.
911 2463 979 2525 erat
1003 2479 1040 2526 oa
1064 2463 1245 2544 tempestate
1270 2461 1335 2544 rogi
1361 2461 1464 2526 Amaa

344 2563 470 2644 quidam
492 2561 720 2644 perfamiliaris,
744 2581 835 2645 quem
857 2566 1021 2645 aequatum
1043 2564 1101 2628 sibi
1122 2564 1243 2628 adorari
1256 2582 1340 2629 more
1354 2582 1462 2646 regum

343 2667 544 2747 praeceperat.
573 2665 605 2729 id
627 2666 845 2731 Mardochaeos
866 2684 945 2730 unus
966 2685 1002 2730 er
1023 2667 1164 2730 omnibus
1186 2665 1284 2730 facere
1305 2665 1463 2730 fastidiens
1477 2688 1506 2730 se

317 2768 416 2831 sodis
430 2767 540 2832 Persae
554 2768 587 2832 in
600 2787 632 2832 se
646 2769 782 2851 grauiter
795 2769 980 2833 accenderat,
1004 2769 1102 2853 igitur
1115 2769 1218 2833 Aman
1239 2769 1278 2834 ad
1299 2768 1463 2851 perniciem

346 2869 479 2934 Hebraei
494 2869 631 2935 animum
645 2871 803 2936 intendens
816 2890 920 2954 regem
934 2871 1001 2936 adit
1014 2871 1222 2955 affirmatque,
1247 2891 1311 2935 esse
1326 2871 1359 2936 in
1373 2887 1465 2954 regno

346 2972 411 3036 eius
432 2971 591 3038 hominum
613 2991 707 3056 genus
734 2973 838 3054 prauis
865 2975 1130 3055 superstitionibus
1157 2975 1211 3038 deo
1231 2974 1466 3054 hominibusque

345 3075 490 3152 inuisum,
500 3076 630 3140 externis
640 3075 760 3159 legibus
772 3076 889 3154 uiuens,
897 3077 1026 3160 dignum
1035 3077 1144 3141 exitio:
1156 3079 1274 3141 rectum
1285 3094 1464 3141 osseomnes

346 3177 436 3241 huius
465 3178 565 3260 gentis
593 3179 789 3243 internecioni
814 3180 901 3257 dare,
940 3197 1035 3261 exque
1066 3197 1170 3243 eorum
1202 3179 1289 3243 bonis
1313 3179 1503 3244 inmensasss

313 3291 416 3362 4opes
430 3280 600 3362 pollicetur.
624 3280 713 3345 facile
727 3281 759 3344 id
784 3281 913 3346 barbaro
934 3300 1126 3363 persuasum:
1156 3281 1291 3348 edictum
1304 3283 1461 3347 emittitur

347 3381 474 3446 Iudaeos
496 3384 658 3460 necandos,
684 3383 831 3465 missique
855 3385 997 3449 mahnuo
1018 3385 1072 3465 qui
1092 3403 1145 3466 per
1166 3402 1254 3448 omne
1276 3403 1404 3467 regnum
1425 3385 1464 3450 ab

347 3484 436 3549 India
450 3503 544 3566 usque
559 3485 755 3567 Aethiopiam
776 3487 1014 3570 promulgarent.
1037 3487 1070 3550 id
1092 3487 1145 3551 ubi
1160 3486 1359 3551 Mardochaoo
1380 3505 1463 3551 oom-

346 3589 482 3668 pertum,
505 3587 662 3652 conscissis
677 3589 814 3654 uestibus
829 3607 914 3654 sacco
929 3590 1105 3653 obuoluitur
1118 3607 1351 3671 conspersusque
1366 3589 1464 3654 cinero

346 3690 447 3773 porgit
462 3690 501 3754 ad
516 3690 647 3773 regiam,
669 3691 772 3774 ibique
792 3692 911 3756 eiulatu
931 3692 1030 3756 multo
1052 3694 1161 3756 cuncta
1182 3692 1339 3773 questibus
1353 3692 1504 3774 replettue

344 3791 464 3857 facinus
478 3791 639 3875 indignum
654 3793 841 3858 immeritam
856 3794 978 3877 gentem
993 3794 1090 3876 perire
1100 3812 1196 3876 neque
1209 3795 1306 3860 ullam
1319 3795 1465 3876 pereundi

450 3993 625 4051 caschara.
663 3996 700 4053 18
718 3995 815 4050 Esther
833 3995 858 4051 3.
895 3996 934 4052 28
952 3993 1048 4049 Esther
1066 3997 1093 4052 4.

399 4183 632 4238 8mardochocoP
646 4185 658 4252 ΙΙ
674 4185 821 4252 patrueleb
868 4183 1094 4249 lOetom.P‚acb
1111 4187 1123 4253 ΙΙ
1139 4185 1321 4239 ammonitaP
1364 4185 1466 4241 ldeoe-

345 4269 389 4339 pit
402 4269 428 4322 P
474 4269 511 4326 14
520 4273 660 4338 aequatum
672 4269 725 4322 sibi
736 4269 798 4338 imp.
810 4271 928 4323 mulctet
938 4271 1061 4324 Veratius
1120 4271 1156 4329 15
1168 4271 1337 4325 mardocheus
1344 4271 1377 4334 P,
1385 4261 1465 4325 'etsie

348 4356 474 4422 deinceps
526 4355 744 4411 lilammauhl.
758 4354 934 4422 Recrdatus
945 4372 1036 4420 aman,
1049 4356 1182 4411 Hamanb
1234 4357 1463 4426 21porniticmP

399 4441 436 4496 aa
449 4440 811 4494 maerensmaerens?
825 4443 838 4509 q
855 4427 971 4495 cursim
1015 4441 1053 4498 27
1062 4443 1173 4510 onear
1216 4442 1465 4512 aspremergereec

348 4527 387 4583 P:
400 4527 514 4580 edictum
530 4525 756 4594 promulgarentb
807 4525 959 4596 30regiam
977 4527 1086 4581 Pctdc
1097 4527 1198 4582 Proto:
1215 4528 1364 4597 reginbrat
