3300 5142
325 538 388 600 1⁹2¹)
590 550 594 557 ·
732 534 873 589 firmici
892 534 1038 589 Materni

321 690 518 768 institutum,
534 709 654 756 necesse
669 694 716 756 est
731 694 767 756 ut
782 712 854 757 cum
870 695 1009 775 serpente
1021 692 1181 756 moriatur.
1204 690 1276 754 deos
1288 690 1365 753 istos
1376 706 1455 771 quos

322 793 424 859 colitis
440 794 505 875 ipse
520 794 640 872 fincxit,
664 795 728 876 ipse
744 797 930 877 compesuit:
954 797 980 860 si
996 796 1168 878 pertinaces
1189 794 1286 858 animi
1309 793 1407 857 uestri
1420 794 1456 856 in

322 897 382 961 isto
397 916 498 962 errore
512 899 751 979 permanserint,
774 899 925 964 ardebitis
952 900 1049 964 etiam
1075 915 1130 962 uos
1155 898 1274 981 pariter
1294 914 1364 960 cum
1391 896 1454 959 diis

322 1000 449 1076 nestris,
473 1003 509 1065 ut
524 1001 671 1083 quicquid
692 1004 832 1067 auctores
854 1002 951 1067 uestri
973 1002 1080 1066 diuina
1099 999 1364 1066 animaduersione
1386 1018 1455 1063 rne-

323 1104 466 1180 rnerunt,
490 1104 585 1168 etiam
600 1104 640 1168 ad
656 1108 797 1169 nestrum
811 1106 943 1170 esitium
959 1125 996 1170 11
1011 1105 1168 1170 societatis
1183 1104 1334 1168 consortio
1349 1106 1456 1167 trans·
1479 1118 1492 1157 ⁵

320 1205 447 1269 feratur.
470 1207 549 1270 mibi
565 1207 694 1282 credite,
718 1207 797 1271 nibil
811 1209 1022 1290 praetermisit
1038 1207 1179 1272 diabolus
1200 1207 1281 1289 quod
1295 1206 1456 1271 bominem

320 1308 470 1373 miserum
485 1313 541 1374 aut
556 1310 733 1374 debilitaret
747 1313 803 1376 aut
818 1312 975 1395 perderet:
998 1312 1067 1376 ideo
1089 1329 1120 1375 se
1140 1330 1196 1393 per
1215 1328 1320 1375 omncs
1336 1309 1456 1375 formas

319 1411 490 1493 multiplici
505 1412 685 1478 diuersitate
700 1416 868 1491 conuertit,
884 1415 953 1479 ideo
969 1434 1001 1479 11
1016 1414 1132 1479 diuersi
1147 1413 1268 1498 generis
1280 1413 1456 1477 calliditate

318 1517 507 1598 composuit,
523 1520 560 1581 ut
574 1517 670 1583 uariis
684 1536 721 1583 ac
736 1495 964 1602 multiplicibus
981 1518 1141 1583 fraudibus
1156 1518 1295 1582 homines
1310 1517 1456 1582 inretitos

319 1618 487 1683 interimat.
1465 1633 1492 1672 ¹⁰

267 1726 308 1790 27
361 1720 454 1787 Sacra
469 1742 525 1788 sua
539 1723 679 1806 perditus
694 1724 844 1803 carnifex,
867 1725 1040 1807 pronefas,
1063 1744 1118 1807 per
1132 1725 1253 1809 lignum
1268 1742 1391 1806 semper
1406 1743 1456 1788 re-

318 1826 427 1890 nouari
441 1826 609 1909 disposuit,
632 1828 687 1905 ut,
703 1828 776 1909 quia
791 1827 908 1893 sciebat
923 1830 970 1895 ita
984 1828 1049 1893 fore
1066 1831 1101 1893 ut
1117 1828 1202 1913 ligno
1228 1828 1328 1893 crucis
1353 1826 1457 1891 adfixa

318 1929 386 1992 uita
400 1928 535 1994 bominis
549 1932 714 2012 perpetuae
728 1931 964 1997 inmortalitatis
980 1932 1147 2017 conpagine
1163 1931 1382 2015 stringeretur,
1400 1950 1456 2013 pe-

318 2032 433 2096 rituros
460 2033 600 2098 homines
626 2053 662 2098 11
686 2033 766 2119 ligni
781 2035 958 2102 imitatione
973 2036 1135 2118 deciperet.
1160 2036 1192 2099 11
1208 2036 1302 2099 saeris
1317 2034 1455 2118 Frygiis,

319 2154 397 2217 quae
412 2136 523 2201 matris
539 2138 632 2203 deum
648 2138 771 2217 dicunt,
794 2158 850 2221 per
863 2156 958 2204 annos
974 2139 1113 2223 singulos
1128 2138 1218 2205 arbor
1238 2138 1329 2221 pinea
1350 2137 1455 2202 caedi-
1466 2158 1490 2197 a

319 2239 371 2302 tur
386 2238 465 2303 etin
479 2240 582 2305 media
596 2242 703 2307 arbore
718 2241 921 2307 simulacrum
936 2242 1058 2308 iuuenis
1073 2242 1259 2327 subligatur.
1289 2243 1321 2306 ln
1343 2242 1455 2305 isiacis

317 2341 411 2406 111111
427 2343 464 2407 de
479 2343 571 2425 pinea
585 2346 693 2410 arbore
709 2346 849 2410 caeditur
864 2348 1007 2423 tmncus,
1031 2345 1125 2411 buius
1140 2346 1242 2411 trunci
1258 2345 1361 2411 media
1377 2364 1452 2427 pars

318 2444 476 2509 subtiliter
489 2448 671 2512 excauatur:
694 2447 762 2513 illic
776 2448 814 2514 de
830 2449 1021 2533 segminibus
1047 2450 1165 2515 lactum
1179 2449 1299 2513 idolum
1321 2447 1458 2514 Osiridis

206 2560 307 2607 roura,
317 2548 475 2628 sepelitur.
497 2551 502 2631 1
522 2551 554 2615 11
568 2550 770 2634 Proserpinae
785 2552 880 2618 sacris
902 2572 990 2618 caesa
1010 2554 1101 2619 arbor
1121 2554 1152 2618 in
1168 2552 1305 2636 effigiem
1320 2552 1458 2634 uirginis

288 2648 511 2735 aformamque
525 2656 719 2736 componitur
736 2657 768 2720 11
782 2675 855 2720 cum
870 2657 952 2721 intra
967 2656 1128 2723 ciuitatem
1140 2656 1235 2721 tuerit
1246 2656 1359 2733 inlate,
1376 2674 1458 2737 qua·
1467 2678 1493 2719 a

325 2754 470 2839 draginta
484 2757 625 2821 noctibus
640 2758 816 2843 plangitur,
841 2759 1078 2844 quadragesima
1098 2777 1170 2826 uero
1191 2761 1279 2825 nocte
1299 2760 1458 2824 comburi·

322 2860 381 2923 tur.
406 2861 460 2925 sed
475 2861 578 2927 111111
592 2862 655 2927 1111
669 2862 770 2947 ligna,
794 2880 872 2945 quae
887 2862 969 2941 diri,
993 2862 1106 2928 similis
1132 2862 1259 2929 flamma
1284 2863 1457 2928 consumit:

320 2982 393 3027 nem
408 2964 504 3028 etiam
518 2966 588 3047 post
603 2984 718 3031 annum
733 2966 866 3031 istorum
887 2966 1044 3049 lignorum
1066 2985 1177 3051 rogum
1198 2965 1324 3031 flamma
1344 2966 1458 3048 depas-

320 3066 410 3131 citur,
433 3068 560 3146 errasti,
586 3070 696 3147 miser,
719 3071 751 3134 11
776 3070 974 3135 uehementer
1001 3069 1126 3134 errasti:
1150 3068 1229 3134 nihil
1254 3069 1314 3133 tibi
1339 3070 1458 3151 poterit

319 3170 402 3253 ignis
428 3171 487 3235 iste
513 3172 670 3254 prodesse:
694 3172 811 3237 frustra
832 3172 892 3238 tibi
913 3190 949 3237 11
964 3172 1026 3238 1111
1041 3171 1167 3237 flamma
1182 3172 1349 3249 blandiris,
1372 3173 1493 3237 111111

319 3274 425 3357 ignem
439 3276 622 3340 commentis
636 3276 700 3340 tuis
716 3294 836 3358 semper
850 3293 1009 3341 renouans.
1034 3276 1131 3360 ignis,
1147 3276 1201 3357 111
1216 3276 1254 3340 dc
1265 3275 1457 3342 facinoribus

320 3376 384 3440 tuis
399 3377 497 3460 erigit
512 3397 638 3460 poenas,
662 3381 810 3462 perpetua
831 3380 1057 3444 tormentomm
1077 3379 1307 3445 continuatione
1330 3398 1457 3464 grassa-

317 3601 407 3665 posse
418 3584 536 3649 ratione
548 3585 693 3650 succurri.
718 3586 756 3650 de
768 3585 954 3669 cataclysmo
966 3586 1138 3651 humanum
1147 3584 1250 3670 'genus
1265 3604 1336 3651 arca
1350 3587 1457 3671 lignea

317 3685 481 3765 liberauit,
496 3687 657 3754 Abrabam
673 3688 760 3773 ligna
775 3689 859 3753 unici
875 3688 933 3753 filii
947 3689 1085 3755 humeris
1100 3688 1235 3771 inponit,
1258 3689 1296 3753 dc
1308 3688 1456 3773 Aegypto
1465 3710 1493 3751 ec

319 3790 511 3856 recedentem
527 3791 577 3856 dei
591 3791 711 3874 plebem
729 3792 834 3875 lignea
848 3792 939 3876 uirga
953 3792 1103 3874 proterit,
1125 3792 1247 3876 lignum
1263 3792 1456 3859 11111111-

320 3912 426 3977 porem
441 3913 565 3960 amarae
579 3913 700 3977 myrrae
715 3893 853 3959 tontibus
868 3894 1021 3973 reddidit,
1044 3895 1148 3979 lignea
1162 3894 1253 3979 uirga
1267 3914 1303 3959 ex
1317 3895 1455 3977 spiritali

368 4083 387 4140 3
406 4098 495 4137 errore
508 4084 616 4139 Pcorr.
639 4086 706 4137 m.2
727 4098 762 4137 ex
782 4098 841 4137 erro
919 4084 988 4142 511
1009 4083 1051 4137 P:
1070 4082 1119 4137 hoc
1139 4101 1158 4137 c
1228 4083 1264 4141 10
1281 4083 1454 4139 interimeret

321 4169 461 4224 Woweroe
525 4170 563 4227 13
575 4170 762 4239 stringeretur,
776 4168 837 4223 ideo
846 4169 980 4238 perituros
992 4186 1011 4224 o
1058 4169 1096 4226 18
1109 4169 1167 4223 illic
1178 4169 1289 4225 Oebier:
1303 4170 1413 4224 illisPc
1430 4173 1444 4238 11

318 4254 465 4310 seminibus
487 4257 545 4323 Pa,
583 4273 631 4311 em.
647 4256 788 4311 Wowcrue
870 4256 908 4313 23
927 4257 1041 4311 istorum
1063 4258 1205 4311 Bursian:
1234 4257 1351 4326 ipsorum
1374 4258 1421 4311 Pa

316 4340 354 4397 26
372 4358 484 4396 renouas
496 4343 550 4410 Pa,
564 4358 611 4397 cm.
630 4343 726 4398 Oeblcr
778 4342 817 4399 28
829 4341 977 4396 liberandis
990 4344 1017 4397 P
1069 4341 1299 4399 accelerabam
1312 4343 1346 4407 P,
1359 4342 1457 4398 deinde

314 4427 378 4481 Abr.
400 4444 430 4492 a,
449 4427 498 4482 deo
519 4427 629 4481 iubente
649 4428 712 4482 111.
735 4428 804 4483 coni.
827 4428 955 4483 Bursian
1017 4428 1053 4485 31
1073 4428 1239 4483 recedentem
1259 4429 1387 4498 populum
1408 4428 1456 4485 dei

316 4513 451 4582 plebeiae
508 4513 546 4571 32
564 4514 688 4584 myrrhae
701 4514 762 4569 edd.

1628 3316 1629 3355 l

1628 3370 1629 3413 r

287 3479 380 3551 etur.
417 3480 518 3545 diuini
538 3500 574 3545 ae
594 3480 757 3546 liberantis
772 3480 852 3565 ligni
867 3482 1008 3547 ordinem
1021 3482 1120 3559 disce,
1144 3484 1180 3546 ut
1195 3482 1275 3548 scias
1290 3482 1377 3548 nulla
1393 3484 1458 3549 tibi

1628 4456 1629 4537 l
