3300 5142
684 534 757 605 0³1³·
777 535 802 591 6·
1269 538 1310 603 85

177 693 277 772 cista,
293 693 326 757 iu
340 710 400 774 qua
415 709 466 756 cor
479 708 564 757 soror
584 690 715 771 latenter
736 691 952 770 absconderat,
972 692 976 774 Ι
997 690 1144 755 tibiarum
1165 692 1258 757 cantu
1278 693 1411 757 atrones.
1436 744 1453 781 0

184 795 397 879 cymbalorum
408 794 524 859 tinnitu
539 794 704 876 crepundia
723 795 836 876 quibus
858 813 933 876 puer
948 794 1092 877 deceptus
1107 793 1209 859 fuerat
1223 814 1311 860 men-

186 898 316 963 tiuntur.
333 898 378 962 sic
392 897 584 962 inhonorem
599 898 723 980 tyranni
738 917 757 962 a
771 898 924 963 seruiente
937 896 1027 978 plebe
1048 896 1123 963 deus
1144 898 1244 963 factus
1265 899 1312 964 est

186 1000 241 1084 qui
255 1000 368 1066 habere
384 1019 445 1066 non
458 1000 561 1082 potuit
575 1001 776 1082 sepulturam.

140 1130 164 1166 a
229 1104 304 1169 Fuit
319 1103 414 1169 etiam
429 1102 509 1168 alius
519 1103 613 1169 liber
628 1104 704 1186 aput
718 1103 840 1169 Thebae
854 1104 1002 1188 tyrannus
1017 1104 1155 1188 magicae
1167 1104 1243 1169 artis
1258 1114 1341 1186 po·6

186 1208 300 1272 testate
313 1207 500 1289 perspicuus.
516 1207 568 1271 hie
584 1225 656 1271 eum
676 1206 841 1272 muliebres
856 1208 974 1273 animos
988 1208 1113 1273 uenenis
1130 1207 1314 1290 quibusdam

187 1311 220 1374 et
230 1310 418 1374 carminibus
430 1310 616 1393 occupasset,
632 1327 687 1393 pro
698 1309 827 1374 arbitrio
843 1327 897 1374 suo
912 1309 1048 1375 crudelia
1062 1310 1198 1376 facinora
1209 1312 1315 1377 furen-

188 1413 273 1477 tibus
279 1412 461 1494 imperabat,
477 1414 513 1477 ut
524 1416 627 1479 mente
638 1414 743 1495 captes
753 1412 872 1478 nobiles
887 1412 1017 1479 feminas
1029 1416 1060 1479 et
1074 1414 1243 1480 libidinum
1254 1415 1315 1479 mi·

187 1516 302 1581 nistros
313 1515 439 1581 baberet
454 1516 654 1581 etscelerum.
682 1516 736 1598 qui
748 1516 853 1598 qualia
863 1516 971 1582 fecerit
982 1518 1097 1583 scelera
1107 1518 1316 1601 uclquantum

153 1643 180 1683 ro
189 1619 283 1684 matri
298 1619 402 1684 contra
416 1618 518 1684 filium
528 1620 581 1685 uel
592 1619 746 1684 sororibus
761 1620 866 1684 contra
880 1618 1010 1685 fratrem
1024 1622 1224 1702 imperauerit
1238 1620 1316 1687 faci·

188 1741 255 1802 nus,
272 1724 305 1788 in
319 1723 435 1788 scaenis
450 1722 576 1787 cottidie
592 1722 734 1806 atragici
751 1722 898 1787 carminis
920 1723 1096 1787 auctoribus
1115 1723 1264 1803 traditur,
1280 1726 1317 1789 ut

188 1827 330 1891 scelerati
352 1826 475 1909 tyranni
493 1825 662 1891 facinorose
681 1824 848 1891 crudelitas
874 1825 907 1889 in
928 1826 1040 1891 animis
1061 1824 1280 1891 audientiumf
1300 1862 1315 1875 -

189 1930 286 1994 neatis
301 1947 419 2011 semper
436 1928 638 1993 relationibus
661 1930 847 1993 renascatur.
866 1929 947 1994 hunc
969 1929 1129 2013 Lycurgus
1149 1930 1250 1995 sobria
1266 1930 1344 1994 rii-7

190 2050 294 2097 rorum
319 2032 526 2096 coniuratione
552 2032 708 2112 protectus
729 2049 823 2117 regno
849 2032 948 2111 eruit,
975 2032 1065 2114 pellit
1079 2033 1195 2114 patria:
1219 2052 1316 2115 neque

149 2137 272 2201 reenim
296 2134 490 2200 effeminatus
520 2152 701 2199 consensum
727 2134 865 2200 uirorum
886 2136 988 2217 potuit
1009 2136 1127 2200 diutius
1155 2138 1314 2203 sustinere.

188 2239 401 2304 effeminatum
423 2238 599 2303 enimcum
621 2237 716 2303 fuisse
739 2239 771 2301 et
792 2240 966 2303 amatorum
989 2238 1119 2304 seruisse
1133 2239 1316 2305 libidinibus

191 2340 378 2408 Graecorum
388 2340 559 2425 gymnasiis
570 2340 761 2406 decantatur.
777 2359 833 2406 nee
847 2340 923 2425 fuga
938 2342 1004 2407 eius
1017 2342 1177 2427 Lycurgus
1192 2343 1316 2407 tantum

190 2448 238 2511 est
252 2445 403 2527 exilioque
419 2445 594 2524 contentus,
611 2444 664 2509 sed
679 2446 807 2523 timens,
829 2444 1005 2529 refugiens
1028 2445 1059 2510 et
1074 2446 1112 2511 ab
1128 2444 1199 2510 aliis
1213 2464 1318 2527 recep·

190 2551 243 2615 tus
265 2549 436 2614 ludibriosa
462 2548 612 2613 scelerum
632 2566 759 2614 suorum
785 2550 882 2613 etiam
902 2549 935 2613 in
960 2548 1023 2613 alia
1038 2548 1162 2633 regione
1177 2549 1319 2613 conderet

145 2653 318 2731 arsemina,
331 2652 504 2717 succinctus
515 2650 595 2716 ferro
606 2650 725 2734 pttriae
736 2652 868 2717 dedecus
879 2652 992 2717 minaci
1003 2651 1197 2734 persequitur
1208 2652 1317 2717 edicto.

191 2757 266 2821 tunc
290 2756 383 2821 Liber
401 2756 546 2838 proiectis
560 2754 684 2833 infulis,
711 2774 788 2836 quas
802 2755 975 2837 pampineis
996 2773 1175 2821 coronarum
1195 2754 1319 2819 circulis

192 2860 353 2943 inligabat,
370 2877 441 2924 eum
456 2859 602 2923 semiuiro
616 2859 766 2923 comitatu
780 2858 904 2943 fugiens
918 2896 957 2905 -
973 2858 1031 2922 soli
1043 2857 1127 2922 enim
1138 2876 1210 2922 eum
1221 2858 1319 2923 secuti

192 2963 487 3045 suntstuprorumet
497 2962 689 3047 flagitiorum
705 2980 740 3026 ac
750 2961 919 3027 libidinum
935 2962 1118 3043 socii-per
1133 2978 1319 3026 omnesones

193 3066 288 3131 uicini
301 3067 397 3131 maris
415 3069 419 3151 l
435 3085 507 3131 cum
521 3085 644 3131 summa
656 3065 861 3148 trepidatione
878 3066 1096 3149 desperationis
1112 3066 1236 3131 errauit.
1253 3064 1376 3133 illices.
1386 3089 1422 3131 a.

147 3186 182 3226 2⁵
191 3169 273 3234 inter
284 3170 384 3234 ebriae
394 3170 514 3253 puellas
528 3171 560 3234 et
575 3168 746 3234 uinolentos
762 3187 864 3249 aenea,
882 3188 953 3234 cum
968 3169 1068 3234 adhuc
1083 3187 1154 3233 eum
1169 3168 1347 3238 scelerum8

191 3291 304 3356 pompa
317 3273 519 3353 praecederet,
536 3273 614 3338 alter
628 3273 718 3358 nigro
732 3273 850 3338 amictu
864 3274 978 3351 taeter,
991 3273 1070 3337 alter
1084 3272 1204 3337 ostenso
1220 3290 1320 3355 angue

192 3375 351 3453 terribilis,
367 3376 447 3440 alter
461 3378 605 3442 cruentus
617 3394 677 3455 ore,
690 3377 765 3441 dum
776 3377 850 3441 uiua
864 3375 991 3459 pecudis
1007 3375 1147 3440 membra
1162 3375 1319 3457 discerpit,

189 3479 367 3563 aLycurgo
383 3479 615 3560 'conprehensus
634 3498 689 3562 per
709 3481 882 3563 proximam
893 3498 1021 3561 rupem,
1043 3497 1120 3561 quae
1145 3479 1321 3544 inmensum

190 3582 407 3665 praecipitium
419 3582 501 3647 sarie
512 3583 606 3648 inuiis
619 3582 743 3661 fecerat,
755 3584 788 3647 in
798 3601 884 3647 mare
895 3582 1124 3664 praecipitatur,
1139 3583 1176 3645 ut
1186 3581 1322 3647 lacerum

149 3715 183 3754 ao
194 3703 303 3767 corpus
309 3684 439 3750 marinis
448 3685 502 3750 diu
513 3686 664 3751 iactatum
669 3685 816 3750 fluctibus
828 3685 1000 3750 errantium
1006 3684 1190 3768 populorum
1203 3684 1321 3748 animos

190 3788 232 3853 ad
248 3788 390 3855 sanitatis
410 3808 446 3854 ac
466 3789 641 3858 sobrietatis
662 3789 801 3855 ordinem
821 3807 929 3854 seuera
947 3788 1212 3853 animaduersione
1231 3806 1320 3851 reuo-

244 4049 280 4105 11
300 4047 432 4114 scanieP:
446 4047 531 4101 scenis
545 4046 603 4101 edd.
654 4046 691 4103 12
703 4045 852 4101 facinorosa
862 4044 921 4099 edd.
971 4045 1005 4103 15
1018 4044 1232 4098 effeminatusP:
1246 4042 1321 4097 effoe-

188 4135 310 4189 minatos
328 4136 374 4189 ille
387 4152 405 4189 a
470 4134 507 4191 16
526 4135 666 4188 enimcum
675 4132 815 4187 Bursian:
834 4134 958 4187 cenatum
973 4130 1044 4185 enim
1060 4130 1165 4195 eumP,
1186 4129 1257 4183 onim
1270 4146 1288 4183 a

194 4220 230 4277 19
250 4221 459 4276 contenderetP
520 4221 558 4279 al
577 4236 716 4275 comarum
733 4219 762 4273 P
830 4218 866 4274 23
885 4220 1036 4287 struporum
1054 4216 1082 4271 P
1150 4216 1187 4272 24
1204 4215 1321 4285 dispera-

190 4307 273 4361 tionis
285 4310 319 4373 P,
341 4310 403 4362 item
420 4324 449 4376 p.
463 4312 509 4375 87,
528 4310 568 4361 20
589 4306 656 4375 disp.
730 4305 768 4364 25
786 4304 940 4359 uincnettos
962 4303 989 4357 P
1052 4302 1090 4359 26
1108 4301 1276 4372 praecederet
1294 4303 1322 4354 et

192 4394 227 4457 P,
247 4396 274 4447 et
294 4394 395 4450 deleuit
408 4394 534 4449 Bursian
557 4394 569 4460 ΙΙ
592 4395 663 4446 teter
675 4394 717 4447 Po
770 4390 807 4449 27
826 4389 932 4461 pecodis
944 4390 983 4455 P,
1003 4388 1131 4459 pecorisa
1183 4386 1219 4445 29
1238 4389 1269 4441 ut
1289 4404 1320 4440 a:

187 4482 222 4532 at
244 4480 271 4533 P
