3300 5142
327 523 389 586 150
738 520 892 590 Sulpicii
915 519 1033 574 Seueri

324 675 462 740 membra
475 677 579 740 antem
593 676 659 741 eius
674 675 803 742 candida
816 678 976 757 tamquam
995 675 1049 740 nix
1068 676 1266 754 uidebantur,
1289 675 1335 740 ita
1352 676 1390 739 ut
1403 675 1453 740 di·

325 780 440 843 cerent:
463 779 532 860 quis
547 779 644 842 istum
658 797 805 860 nmquam
820 778 920 843 cilicio
935 781 1068 857 tectum,
1090 779 1161 860 quis
1173 780 1208 843 in
1221 778 1374 844 cineribus
1387 797 1453 842 cre-

325 882 410 948 deret
425 881 621 946 inuolutum?
636 883 698 946 iam
713 882 794 946 enim
810 882 855 945 sic
868 882 1045 961 uidebatur,
1066 883 1153 964 quasi
1168 882 1201 946 in
1215 881 1338 946 futurae
1350 899 1452 946 resur·

274 993 313 1050 18
323 985 466 1050 rectionis
481 985 580 1068 gloria
594 986 626 1048 et
640 985 750 1048 nutura
764 985 938 1050 demutatae
952 985 1053 1050 earnis
1072 987 1211 1049 ostensus
1230 987 1319 1048 esset.
1348 984 1382 1048 in
1395 984 1450 1048 ob-

324 1089 465 1170 sequium
479 1103 550 1151 uero
566 1086 680 1151 funeris
696 1087 777 1152 credi
791 1107 852 1153 non
866 1090 968 1170 potest
981 1089 1096 1171 666616
1108 1089 1270 1152 hominum
1280 1087 1450 1153 multitudo
1473 1109 1489 1149 s

323 1189 512 1256 conuenerit:
535 1191 601 1254 tota
615 1190 739 1254 obuiam
754 1190 872 1273 corpori
886 1190 997 1255 ciuitas
1011 1191 1089 1270 mit,
1112 1191 1214 1255 cuncti
1234 1209 1271 1255 ex
1291 1191 1376 1274 agris
1394 1191 1451 1254 ad·

324 1311 382 1376 que
398 1293 474 1357 uicis
489 1293 642 1376 multique
657 1293 695 1358 de
710 1294 820 1358 uicinis
837 1295 931 1359 etiam
946 1293 1074 1358 urbibus
1088 1293 1261 1358 adfuerunt.
1283 1310 1302 1356 o
1317 1293 1451 1375 quantus

322 1396 425 1460 luctus
450 1396 603 1474 omnium,
637 1399 751 1478 quauta
776 1397 935 1479 praecipue
958 1398 1161 1462 maerentium
1184 1395 1320 1461 lamenta
1343 1414 1452 1460 mena-

322 1499 463 1564 chorum!
487 1500 540 1581 qni
561 1518 595 1564 eo
616 1501 665 1564 die
685 1500 747 1564 lere
767 1501 806 1564 ad
827 1500 996 1565 duomilia
1010 1501 1185 1564 conuenisse
1199 1500 1359 1576 dicuntur,
1380 1517 1451 1580 spe-

322 1603 409 1668 cialis
424 1603 550 1668 Martini
565 1603 678 1686 gloria:
702 1603 768 1668 6166
783 1602 921 1685 exemplo
942 1605 975 1668 in
988 1603 1114 1668 Domini
1135 1603 1318 1667 seruitutem
1338 1603 1451 1684 stirpes
1459 1623 1490 1662 ro

272 1719 310 1774 19
321 1707 425 1772 166166
450 1705 678 1771 fruticauerant.
702 1708 812 1790 agebat
833 1708 982 1771 nimirum
995 1708 1066 1771 ante
1081 1725 1114 1770 66
1127 1707 1230 1787 pestor
1244 1723 1352 1788 greges
1367 1723 1450 1784 suos,

322 1811 443 1876 6666166
459 1809 544 1874 illius
560 1810 771 1875 multitudinis
791 1809 922 1892 pallidas
942 1810 1063 1886 turbas,
1085 1809 1211 1892 agmina
1229 1808 1372 1889 palliata,
1394 1810 1451 1873 661

321 1913 519 1978 emeritorum
543 1912 684 1978 laborum
715 1931 800 1978 senes
831 1915 886 1978 aut
916 1913 1032 1976 iuratos
1058 1911 1173 1976 Christi
1202 1912 1235 1976 in
1260 1915 1451 1976 sacramenta

321 2015 443 2080 tirones.
467 2017 536 2080 tum
551 2015 708 2099 uirginum
724 2016 848 2094 chorus,
863 2015 939 2080 fletu
954 2015 1109 2079 abstinens
1124 2033 1195 2095 prae
1209 2014 1339 2096 pudore,
1354 2034 1450 2097 quam

320 2119 424 2184 sancto
446 2118 661 2183 dissimulabat
684 2119 796 2202 gaudio
822 2120 902 2202 quod
928 2118 1065 2182 dolebat!
1098 2117 1251 2198 siquidem
1276 2117 1351 2183 fides
1375 2117 1486 2183 fleres

319 2221 507 2305 prohiberet:
541 2222 693 2305 gemitum
719 2223 822 2288 tamen
850 2222 1048 2304 extorquebat
1071 2220 1219 2286 adfectus.
1242 2221 1356 2286 etenim
1380 2224 1449 2286 tam

320 2327 385 2390 orat
399 2325 504 2390 sancta
518 2325 555 2389 de
576 2324 661 2390 illius
681 2325 780 2408 gloria
799 2324 949 2390 exultatio
969 2343 1061 2407 quam
1076 2325 1179 2406 piade
1193 2326 1291 2389 morte
1306 2325 1446 2390 tristitia.

270 2443 309 2498 20
320 2427 489 2512 ignosceres
504 2427 664 2504 flentibus,
687 2428 931 2511 congratularere
945 2428 1166 2511 gaudentibus,
1189 2428 1265 2492 dum
1279 2429 1447 2511 unusquis-

320 2548 378 2612 qne
393 2532 425 2594 et
450 2530 510 2594 sibi
536 2532 670 2612 praestat
694 2532 730 2594 ut
756 2530 873 2607 doleat,
896 2532 927 2594 et
951 2531 1000 2594 illi
1025 2532 1061 2594 ut
1086 2531 1227 2614 gaudeat.
1256 2530 1330 2596 haec
1348 2531 1448 2614 igitur

320 2632 402 2698 beati
417 2633 478 2698 uiri
493 2651 599 2715 corpus
615 2651 710 2715 66666
725 2634 764 2698 ad
779 2632 881 2698 locum
902 2634 1055 2716 sepulchri
1075 2633 1199 2717 hymnis
1218 2651 1328 2698 canora
1347 2633 1484 2699 caele-ao

319 2821 408 2874 666161
419 2835 524 2889 quoque
535 2820 639 2888 inepte)
651 2822 757 2874 tantum
770 2820 881 2873 artubus
894 2820 1010 2889 (artibus
1028 2820 1059 2873 F
1065 2835 1109 2888 pr.
1122 2822 1169 2890 m.)
1180 2837 1231 2874 non
1243 2819 1372 2890 pudendis
1384 2837 1445 2890 sep-

320 2907 409 2960 tennis
427 2906 591 2976 (septuennis
600 2907 640 2976 P)
649 2905 839 2975 quodammodo
851 2907 926 2975 pueri
938 2906 1029 2975 gratis
1040 2905 1190 2960 uidebatur.
1209 2906 1275 2972 Quis
1288 2907 1371 2960 istum
1383 2923 1442 2961 um-

318 3009 398 3062 quam
415 2993 502 3046 6111616
514 2995 627 3057 tectum,
647 2994 706 3061 6616
728 2993 861 3047 cineribus
881 2993 999 3046 erederet
1018 2992 1189 3046 inuolutum?
1208 2992 1249 3044 ita
1260 2992 1443 3102 nitrotpnrior,

1341 3076 1362 3102 ΙΙΙ

319 3113 388 3168 16616
400 3113 536 3168 candidior
549 3115 602 3167 ism
614 3113 643 3167 in
656 3113 769 3183 quadam
781 3113 887 3166 futurae
899 3113 1100 3167 resurrectionis
1112 3120 1159 3167 616.
1232 3112 1268 3170 19
1286 3114 1361 3167 anim
1374 3115 1402 3170 V
1410 3115 1444 3169 in

319 3217 434 3267 rasum
454 3217 487 3254 66
502 3201 592 3268 spatio
613 3217 729 3253 rasurae
745 3200 807 3253 licet
819 3199 908 3253 conici
915 3199 1048 3267 primitus
1060 3206 1136 3269 spum
1147 3200 1282 3267 scriptum
1293 3200 1390 3266 fuisse,
1409 3205 1443 3254 61

319 3287 389 3341 dico
400 3287 499 3340 66616
515 3287 680 3341 Vere-ibitur
734 3285 774 3341 20
785 3284 886 3338 uidisse
902 3285 928 3339 V
937 3286 968 3338 in
980 3301 1083 3338 rasura

369 3373 388 3429 2
406 3371 493 3426 6111616
504 3370 575 3426 uidit
586 3373 687 3424 tectum
698 3371 723 3425 V
736 3372 748 3438 11
765 3370 902 3424 ceneribus
914 3369 1027 3424 crederit
1043 3371 1070 3425 V
1116 3371 1137 3427 4
1148 3374 1259 3424 naturae
1268 3366 1405 3425 demutato
1416 3371 1446 3426 V

329 3460 341 3526 ΙΙ
364 3460 434 3512 esset
446 3457 479 3512 de
491 3457 594 3512 Proto:
608 3460 650 3510 est
661 3457 760 3510 AFVu
812 3457 897 3516 5iam
910 3472 971 3510 uero
984 3457 1179 3526 inobsequium
1192 3457 1262 3511 AFc
1314 3456 1441 3513 66161166

317 3544 424 3599 obuiam
436 3544 565 3613 eorporio
617 3542 684 3598 7616
700 3542 737 3596 V:
750 3542 865 3596 exAFo
916 3540 1116 3598 8mserentum
1127 3543 1154 3597 V
1158 3560 1202 3612 pr.
1216 3561 1249 3596 m.
1312 3542 1440 3599 966661-

318 3645 392 3684 nesse
409 3629 435 3683 V
510 3628 547 3685 10
564 3628 647 3697 stirps
667 3630 746 3682 tanta
766 3627 975 3682 fructificauerat
988 3629 1059 3683 AFc
1071 3628 1275 3696 (frotiesueraut
1290 3629 1393 3683 Vcorr.
1407 3629 1439 3683 ios

317 3715 534 3782 lrueticsuerent)
608 3713 643 3770 11
662 3716 752 3783 pastor
769 3713 803 3768 V:
821 3716 913 3782 paster
933 3713 1065 3768 extinctus
1077 3715 1151 3769 AFo
1223 3713 1393 3784 16661666
1412 3715 1441 3768 et

317 3801 448 3856 sutAFc
501 3799 537 3856 13
554 3799 675 3854 laborum
687 3799 779 3854 om.V
830 3800 867 3857 14
879 3802 985 3868 tyrones
997 3803 1054 3853 tam
1069 3800 1096 3854 V
1115 3802 1128 3870 ΙΙ
1149 3799 1257 3870 pudere]
1270 3799 1395 3854 6616111666
1407 3800 1441 3854 in

316 3887 400 3942 AFo:
419 3903 478 3941 cum
490 3885 644 3940 laetandum
656 3885 745 3955 potios
757 3885 799 3938 illi
812 3901 869 3938 esse
882 3885 1008 3953 sentiret,
1026 3902 1105 3955 quem
1116 3886 1172 3940 iam
1184 3903 1230 3942 sue
1242 3887 1371 3940 Dominus
1380 3903 1440 3956 gre·

316 3972 530 4027 mioeonloueret
578 3971 614 4030 15
627 3971 651 4024 si
663 3970 780 4042 quidem]
789 3971 853 4026 odd.
868 3971 939 4026 161Ἰ
946 3987 965 4026 e.
977 3973 993 4026 1.
1006 3975 1139 4026 6626661
1188 3973 1224 4030 16
1236 3972 1443 4042 probieberetV

326 4060 339 4128 ΙΙ
361 4059 491 4128 gemitum
503 4059 670 4126 extorqueret
682 4057 755 4112 AFe
832 4057 868 4114 17
886 4057 974 4126 gloria
985 4060 1014 4112 et
1025 4059 1156 4112 exultatio
1171 4058 1197 4112 V
1226 4062 1239 4128 11
1269 4059 1387 4113 tristitia
1403 4059 1438 4114 V:

316 4144 434 4199 conlusio
453 4143 526 4200 AFo
596 4143 632 4200 18
651 4144 790 4213 ignosco„
802 4143 837 4206 F,
859 4143 965 4213 ignosce
986 4146 1012 4197 A
1034 4145 1047 4213 ll
1069 4145 1254 4214 congratulare
1278 4146 1315 4210 V,
1346 4148 1440 4215 gratn-

316 4231 371 4285 lere
386 4231 448 4294 AF,
468 4231 632 4300 gratularere
650 4247 666 4284 6
687 4231 699 4298 ΙΙ
724 4229 912 4300 gaudentibus]
933 4230 997 4284 odd.
1019 4232 1051 4286 in
1071 4231 1156 4286 Asc:
1170 4232 1233 4301 quia
1256 4234 1284 4286 et
1303 4233 1378 4302 pium
1398 4234 1440 4286 661

316 4315 430 4386 gaudere
450 4316 566 4371 Martino
579 4316 734 4386 (martinum
755 4317 796 4385 F)
824 4317 853 4370 et
872 4315 945 4384 pium
965 4320 1008 4370 661
1027 4317 1089 4371 flere
1112 4317 1259 4372 Martinam
1342 4318 1440 4375 191111

320 4403 356 4457 V:
383 4401 426 4456 illi
446 4401 525 4456 debet
545 4402 616 4457 Anu
637 4404 649 4470 11
672 4401 811 4456 HooAFo
882 4401 922 4458 20
938 4401 1026 4471 ymnis
1046 4403 1143 4472 m,
1171 4405 1326 4472 iteminsrc
1347 4407 1360 4475 ΙΙ
1382 4420 1440 4458 666-

316 4488 393 4543 lestis
407 4487 496 4558 FMQ
