3300 5142
749 519 894 588 Sulpicii
916 519 1031 572 Seueri

613 1402 1149 1501 oHsodloossvll

702 1627 827 1692 LIBER
847 1625 1068 1693 SECVNDVS.

296 1816 310 1878 ι
366 1767 569 1883 depensa
599 1800 736 1880 tempora
765 1799 981 1880 prophetarum
1017 1799 1173 1864 asienus
1200 1801 1293 1882 aeque
1323 1799 1444 1864 essu

321 1905 477 1970 illustrata
503 1903 589 1979 sunt,
616 1900 807 1983 maximoque
827 1901 965 1966 Danielis
992 1901 1117 1986 egregia
1142 1903 1182 1967 ad
1206 1903 1444 1967 conseruandam

319 2009 421 2092 legem
440 2005 662 2090 perseuerantia
682 2004 713 2068 et
746 2004 779 2068 in
807 2004 996 2069 absolutione
1024 2004 1176 2070 Susannao
1198 2005 1303 2071 diuino
1316 2005 1443 2070 oonsilio

292 2110 489 2192 amissisque
503 2108 541 2174 ab
556 2125 591 2172 eo
605 2107 796 2192 gestisquao
806 2106 870 2171 iam
880 2107 985 2172 ordine
994 2126 1219 2191 persequemur.
1233 2107 1286 2172 bic
1298 2107 1355 2172 sub
1370 2127 1443 2192 rege

322 2213 459 2278 Ioachim
479 2213 585 2293 captus
605 2211 812 2292 deductusque
834 2209 1024 2292 Babylonem
1043 2229 1157 2292 paruus
1170 2210 1336 2275 admodum
1350 2230 1440 2293 puer:
1464 2226 1476 2265 ⁵

319 2317 424 2399 postea
451 2315 488 2380 ob
516 2313 700 2398 elegantiam
726 2312 833 2377 uultus
854 2313 935 2377 inter
955 2313 1112 2377 ministros
1133 2313 1233 2396 regios
1253 2314 1440 2395 assumptus,

291 2437 439 2501 annaque
460 2437 530 2482 cum
553 2435 586 2481 eo
609 2415 779 2492 annanias,
802 2414 912 2478 Misadl
932 2416 964 2479 et
985 2415 1120 2480 Azanes.
1149 2416 1203 2480 sed
1223 2434 1295 2480 cum
1316 2434 1367 2482 eos
1388 2434 1440 2481 rer

319 2520 546 2586 delicatioribus
568 2518 644 2583 cibis
666 2518 763 2582 curari
784 2517 987 2599 praecepisset
1007 2517 1099 2600 idque
1119 2517 1281 2600 Aspbanae
1302 2518 1440 2584 eunucho

318 2623 433 2708 negotii
453 2622 601 2699 dedisset,
621 2620 731 2685 Daniel
750 2621 946 2702 paternarum
969 2620 1171 2685 traditionum
1190 2639 1322 2698 mernor,
1344 2640 1383 2686 nc
1403 2639 1440 2686 er

317 2745 422 2822 mensp
436 2725 517 2808 regis
532 2723 694 2808 gentilium
709 2723 786 2787 cibis
800 2722 1010 2805 participaret,
1032 2724 1169 2805 poposcit
1182 2724 1221 2788 ab
1235 2724 1387 2801 eunucho,
1403 2724 1474 2787 ut1⁰

289 2828 525 2912 tleguminibus
536 2827 657 2891 tantum
668 2827 834 2891 uterentur.
847 2828 988 2891 causante
995 2825 1149 2908 Asphane‚
1160 2845 1198 2890 ne
1209 2825 1440 2891 dissimulatum

317 2931 480 3014 imperium
501 2930 582 3012 regis
602 2930 799 2993 consecutura
817 2928 929 2993 macies
948 2929 1103 3011 proderet,
1129 2929 1239 2994 Daniel
1259 2931 1324 2994 Deo
1343 2929 1440 2994 fretus

317 3033 478 3115 pollicetur
499 3032 623 3099 maioris
645 3032 760 3096 decoris
788 3032 848 3096 sibi
869 3032 981 3116 [uultus
1002 3031 1268 3116 erjleguminibus
1289 3051 1382 3115 quam
1403 3050 1440 3096 ex

320 3136 396 3201 cibis
410 3135 504 3221 regiis
519 3135 591 3200 fore.
607 3134 742 3216 fidesque
755 3133 847 3198 dictis
861 3135 959 3212 aust,
972 3135 1017 3200 ita
1030 3135 1066 3199 ut
1080 3135 1208 3200 minime
1217 3153 1322 3200 eorum
1333 3135 1439 3199 nultus

319 3239 536 3320 comparabiles
551 3237 746 3315 haberentur,
768 3237 821 3319 qui
836 3237 1044 3319 imperialibus
1059 3238 1223 3319 impendiis
1237 3236 1473 3320 procumben-1⁵

316 3341 377 3406 tur.
400 3341 498 3424 igitur
520 3360 538 3404 a
558 3358 630 3423 rege
651 3339 682 3403 in
704 3339 849 3404 honorem
868 3342 901 3404 et
919 3340 1052 3424 gratiam
1072 3340 1205 3405 adhibiti
1224 3340 1386 3422 prudentia
1405 3340 1437 3405 ot

419 3544 521 3601 7Dan.
543 3542 566 3599 1.

365 3716 384 3772 2
401 3715 537 3786 egregiam
554 3747 586 3754 —
603 3715 829 3784 perseuerantiam
846 3716 884 3780 P,
909 3731 954 3768 cen
974 3714 1009 3768 de
1026 3715 1114 3770 Proto
1131 3715 1257 3784 (Maxime
1273 3715 1366 3785 itaque
1383 3715 1437 3770 Da·

315 3800 394 3854 nielis
421 3801 555 3871 egregiam
581 3800 616 3854 ad
640 3817 661 3855 c.
679 3800 697 3855 l.
716 3800 952 3870 perseuerantiam,
984 3802 1012 3853 et
1034 3801 1064 3855 in
1086 3800 1279 3855 absolutionem
1300 3801 1326 3854 S.
1345 3801 1436 3854 diuino

314 3887 437 3951 consilio,
456 3887 608 3955 caeteraque
620 3886 654 3941 ab
666 3903 696 3940 eo
707 3889 784 3956 gesta
795 3886 886 3941 ordine
897 3903 1084 3956 persequemur
1101 3888 1127 3957 b)
1187 3887 1205 3944 3
1223 3885 1389 3940 absolutioni
1402 3886 1435 3950 P,

314 3989 363 4026 em.
374 3973 541 4040 Hofmcuster
549 3979 575 4026 et
584 3973 617 4026 de
626 3974 714 4027 Proto
729 3974 741 4040 ll
758 3989 884 4026 suesanne
893 3974 922 4027 P
971 3973 991 4028 4
1002 3989 1070 4042 qnae
1081 3973 1235 4027 iarnordine
1246 3974 1357 4041 scripsi:
1369 3987 1436 4041 quae

315 4058 451 4113 inordina
474 4060 502 4113 P
574 4058 712 4117 siceum
735 4059 866 4128 sipontus
888 4060 900 4126 ΙΙ
922 4058 1080 4112 babalonom
1103 4059 1130 4113 P
1192 4057 1387 4127 deligentium
1409 4058 1437 4111 P

360 4143 378 4200 7
390 4144 507 4198 Ananias
519 4146 547 4209 b,
565 4145 628 4199 item
640 4146 721 4211 iufra
732 4161 752 4198 c.
766 4148 785 4198 3
831 4144 849 4200 8
862 4143 1050 4198 delicatoribus
1062 4145 1090 4198 P
1105 4147 1117 4212 ΙΙ
1133 4144 1249 4214 asphane
1261 4144 1397 4198 cununcbo
1409 4142 1437 4197 P

315 4229 333 4286 9
351 4230 499 4298 patriarum
517 4230 659 4300 Sipontum,
677 4236 707 4284 ot
718 4248 744 4283 u.
764 4230 805 4296 ΙΙ,
823 4233 899 4296 12,6
922 4233 934 4298 b
956 4246 1048 4284 memo.
1060 4246 1094 4284 no
1113 4230 1141 4283 P
1212 4230 1248 4286 11
1267 4231 1436 4284 noscerentur

316 4315 447 4386 &porcius
462 4319 474 4384 ΙΙ
491 4315 624 4386 aspbsncn
637 4317 664 4370 P
716 4315 752 4372 13
770 4315 857 4368 maius
870 4315 897 4369 P
949 4315 986 4372 16
1004 4316 1173 4370 inhonorem
1191 4315 1353 4384 etgratiam
1370 4330 1434 4370 nos:

313 4401 341 4454 in
358 4401 453 4456 honore
471 4404 499 4456 et
515 4402 604 4471 gratia
622 4402 679 4471 (sed
696 4401 786 4471 grstia
803 4400 937 4470 aegrotis
948 4418 1050 4456 rasuera
1061 4402 1177 4469 samson)
1189 4401 1228 4465 P,
1246 4401 1275 4454 in
1292 4401 1390 4456 honore
1401 4403 1429 4454 et

313 4487 436 4556 gratiale
