3300 5142
309 541 350 604 92
714 537 858 591 Firmici
875 537 1023 591 Materni

191 725 299 769 1111,
309 694 381 758 dam
396 694 520 759 cruento
534 713 599 772 ore,
616 694 750 759 cruentis
761 694 904 759 manibus
914 693 1136 776 supplicabant.
1158 694 1162 774 Ι
1182 692 1438 759 considerandum

254 798 263 815 '
309 797 413 878 itaque
428 798 490 876 est,
513 798 604 879 quale
619 798 661 863 sit
681 816 796 863 numen
811 796 893 880 quod
907 796 1099 879 parricidalis
1115 797 1264 875 amentia,
1288 798 1324 861 ut
1337 796 1439 878 parri·

310 899 428 965 cidium
442 901 570 979 celaret,
593 900 723 965 inuenit.

261 1019 298 1082 η
353 1000 545 1087 Quapropter
556 1004 741 1086 quicumque
752 1003 828 1068 haec
839 1020 925 1068 sacra
939 1002 1051 1068 deuota
1066 1003 1168 1068 mente
1183 1004 1355 1082 ueneratur,
1372 1003 1439 1067 cui·

308 1125 439 1189 cumque
453 1107 555 1188 placet
569 1107 795 1189 superstitionis
809 1108 901 1171 istius
916 1106 1080 1172 metuenda
1095 1107 1253 1191 contagio,
1277 1109 1332 1173 aut
1346 1107 1439 1173 malis
1464 1134 1479 1172 r

307 1210 371 1273 suis
390 1210 540 1275 solacium
561 1212 680 1291 quaerit
700 1212 756 1274 aut
778 1210 913 1277 facinora
932 1228 1037 1275 eorum
1052 1210 1149 1275 tacita
1164 1210 1350 1295 cogitatione
1365 1228 1440 1275 con-

306 1312 414 1378 laudat
427 1312 485 1376 hoc
499 1316 625 1396 optans,
647 1314 705 1379 lroc
719 1332 881 1397 quaerens,
905 1313 962 1379 hcc
977 1314 1085 1396 utique
1107 1330 1290 1397 magnopere
1316 1312 1440 1378 deside·

305 1435 391 1493 1111,
408 1419 444 1480 11
459 1418 491 1482 11
505 1416 565 1481 sibi
580 1416 672 1483 liceat
683 1417 764 1499 quod
778 1418 839 1482 diis
855 1417 919 1482 suis
933 1416 1033 1495 licuit,
1050 1418 1086 1481 ut
1102 1418 1133 1481 11
1148 1435 1180 1481 11
1195 1416 1235 1481 11
1250 1416 1440 1481 musandum

275 1517 378 1583 2talis
393 1518 477 1584 uitae
497 1536 619 1585 morum
639 1519 813 1586 similitudo
833 1520 988 1603 perducat.
1013 1519 1165 1584 adulterio
1186 1519 1357 1585 delectatur
1378 1518 1440 1583 ali-

304 1622 388 1704 quis:
413 1622 519 1687 Iouem
533 1624 661 1705 respicit
676 1627 707 1689 11
728 1624 799 1689 indo
820 1622 1001 1705 cupiditatis
1023 1640 1096 1687 suae
1118 1621 1255 1687 fomenta
1270 1621 1478 1703 conquirit:1a

304 1717 423 1807 probat,
439 1728 581 1792 imitatur
591 1728 623 1790 et
637 1727 744 1792 laudat
758 1726 840 1809 quod
855 1726 929 1791 1111
945 1745 1018 1791 1111
1033 1726 1066 1791 in
1078 1743 1175 1810 cygno
1187 1724 1287 1803 fallit,
1303 1726 1336 1789 in
1347 1726 1439 1790 tauro

305 1830 403 1912 rapit,
425 1829 508 1894 ludit
523 1830 557 1894 in
571 1830 674 1912 satyro
689 1831 735 1906 11,
759 1831 795 1894 11
818 1829 958 1895 liberalis
973 1830 1005 1894 in
1024 1829 1153 1913 flagitiis
1169 1847 1234 1893 esse
1249 1828 1438 1906 consuescat,

305 1931 387 2014 quod
402 1931 553 1996 inclusam
567 1933 687 2016 regiam
701 1933 856 2017 uirginem
877 1950 950 1996 auro
972 1931 1102 2016 largiter
1122 1931 1236 1997 fluente
1258 1931 1439 2012 corruperit.

305 2053 471 2117 puerorum
483 2035 596 2118 aliquis
612 2035 784 2101 delectatur
798 2036 1005 2117 amplexibus:
1029 2034 1241 2119 Ganymedem
1255 2035 1288 2099 in
1303 2034 1372 2099 sinu
1387 2034 1440 2099 Io·

307 2139 356 2203 uis
367 2140 502 2221 quaerat,
519 2139 684 2205 Herculem
695 2139 801 2204 uideat
809 2139 926 2222 Hylam
938 2137 1102 2221 inpatienti
1115 2155 1218 2203 amore
1230 2138 1438 2220 quaerentem,
1450 2163 1477 2203 rs

307 2242 478 2325 Hyacinthi
494 2243 643 2308 desiderio
658 2245 784 2324 captum
799 2242 977 2324 Apollinem
994 2241 1108 2319 discat,
1125 2240 1332 2325 Chrysippum
1347 2240 1438 2317 alius,

310 2346 391 2411 alius
405 2346 551 2428 Pelopem
566 2346 686 2423 uideat,
709 2346 746 2409 11
759 2364 813 2427 por
828 2346 899 2411 deos
915 2363 985 2409 suos
1000 2344 1060 2409 sibi
1080 2345 1172 2409 licere
1193 2343 1277 2409 dicat
1292 2344 1442 2426 quicquid

274 2448 292 2502 3
312 2450 403 2516 hodie
424 2450 617 2515 seuerissime
638 2449 784 2514 Romanis
804 2448 927 2533 legibus
952 2448 1136 2513 uindicatur.
1168 2447 1320 2512 adulteria
1334 2466 1443 2513 eornm

313 2553 417 2617 omnia
442 2571 618 2618 enumerare
642 2551 768 2617 difficile
791 2552 854 2631 eet,
886 2552 955 2633 quis
980 2550 1191 2634 Amymonen,
1220 2549 1287 2633 quis
1309 2550 1441 2631 Alopen,

314 2656 384 2738 quis
399 2656 610 2739 Menalippen,
626 2656 696 2737 quis
710 2654 845 2721 Chionen
860 2654 1116 2738 Hippothoenque
1131 2653 1314 2736 corruperit:
1330 2672 1442 2737 nempe
1452 2681 1482 2722 ao

314 2760 389 2824 deus
404 2760 506 2824 uester
519 2760 594 2824 haec
608 2758 715 2824 secisse
729 2759 927 2823 memoratur.
944 2757 1007 2837 ille,
1023 2776 1114 2839 quem
1125 2756 1235 2821 uolunt
1247 2755 1361 2821 seueris
1372 2772 1443 2820 ora·

314 2863 392 2927 culis
422 2864 590 2927 ementium
618 2862 780 2928 hominum
807 2862 933 2944 peccata
963 2860 1128 2944 corrigere,
1168 2858 1316 2942 Steropen
1345 2859 1441 2937 amat,

313 2966 486 3031 Aethusam
502 2967 593 3047 rapit,
609 2966 783 3047 Zeuxippen
798 2965 930 3046 stuprat,
946 2963 1067 3046 quaerit
1075 2962 1228 3027 Prothoen
1243 2962 1275 3026 et
1290 2960 1442 3026 Arsinoae

312 3070 453 3135 adultera
468 3069 637 3152 cupiditate
651 3068 821 3133 blanditur.
844 3067 898 3131 sed
913 3086 949 3133 cx
964 3066 1024 3130 isto
1039 3066 1251 3147 corruptarum
1272 3064 1440 3128 mulierum

310 3191 403 3258 grege
417 3192 479 3237 una
492 3172 597 3255 puella
611 3173 780 3237 amatorem
796 3172 888 3236 deum
910 3172 941 3235 11
958 3169 1074 3234 uitauit
1089 3170 1120 3234 et
1135 3168 1231 3233 uicit:
1254 3167 1375 3232 Dainen
1390 3166 1480 3230 11-11

195 3271 1183 3356 1111111111111111111111111111111111111111111111
1199 3290 1254 3336 nec
1273 3270 1438 3352 stulprare.

280 3379 474 3457 4muliebria
488 3379 607 3462 patitur
627 3378 739 3460 aliquis
761 3378 792 3442 11
812 3376 989 3442 effeminato
1005 3375 1121 3456 corpori
1137 3373 1287 3439 solacium
1301 3373 1440 3455 quaerit:

310 3483 416 3548 uideat
429 3482 577 3547 Liberum
591 3482 722 3546 amatori
737 3498 792 3545 suo
815 3481 886 3561 post
907 3479 1038 3543 mortem
1060 3478 1156 3543 etiam
1178 3478 1346 3559 promissae
1365 3475 1442 3539 libi-

311 3587 393 3651 dinis
418 3586 556 3668 praemia
581 3585 755 3649 imitatione
779 3582 928 3667 flagitiosi
955 3582 1053 3646 coitus
1080 3580 1301 3662 repensantem.
1333 3577 1360 3642 si
1387 3578 1443 3659 qui

311 3691 503 3756 monstruoso
518 3688 700 3771 cupiditatis
714 3686 821 3751 ardore
836 3686 868 3750 in
889 3686 1034 3767 paternae
1048 3683 1130 3748 necis
1145 3684 1285 3748 armatur
1300 3680 1440 3759 exitium,
1452 3702 1481 3744 ao

312 3816 329 3856 a
344 3796 417 3859 Ioue
431 3794 536 3858 sumat
550 3791 724 3855 exordium:
745 3789 798 3871 qui
813 3789 985 3853 fraternum
1000 3787 1155 3852 desiderat
1170 3785 1366 3870 sanguinem,
1382 3781 1442 3848 Go-

312 3897 479 3981 rybantum
494 3896 641 3977 sequatur
654 3892 846 3971 institutum,
863 3893 894 3957 et
909 3891 1060 3956 incestum
1074 3888 1318 3955 desiderantibus
1333 3906 1352 3952 1
1366 3886 1441 3952 lone

363 4084 378 4136 1
402 4098 446 4137 ore
467 4082 626 4137 addidimus
691 4080 709 4136 3
733 4078 844 4147 celaret]
865 4078 963 4132 coleret
988 4076 1127 4131 Wowcrus
1190 4074 1226 4133 15
1250 4072 1444 4142 inpatientiam

311 4173 384 4221 mord
401 4170 429 4223 P
481 4168 518 4225 16
537 4166 653 4237 apolline
666 4167 694 4221 P
746 4164 783 4221 19
801 4164 863 4233 quis
884 4167 1022 4217 amumone
1043 4161 1103 4229 quis
1125 4160 1201 4228 alopd
1218 4158 1279 4227 quis
1290 4158 1444 4227 menalippe

311 4255 372 4323 quis
384 4254 479 4309 chione
492 4254 519 4308 P
570 4254 610 4310 20
627 4252 822 4322 ippotlroenque
832 4252 872 4314 P,
886 4250 1104 4319 Hippogoemque
1116 4264 1134 4301 a
1187 4244 1225 4302 23
1243 4243 1398 4315 acthyssam
1407 4244 1443 4309 P,

311 4357 359 4395 cm.
375 4341 515 4396 Wowcrus
535 4341 547 4407 ΙΙ
567 4340 694 4408 zeuxippd
707 4339 734 4391 P
751 4340 765 4406 ll
784 4336 896 4407 prothoo
914 4337 974 4406 (sic)
986 4337 1014 4389 et
1026 4334 1129 4389 arsinoe
1148 4333 1176 4387 P
1226 4331 1389 4390 1511111
1408 4332 1447 4397 P,

311 4426 451 4496 Daphnem
463 4426 534 4480 enim
547 4444 565 4479 a
634 4424 671 4481 26
690 4427 813 4492 strupare
827 4424 855 4477 P
923 4422 960 4479 29
979 4422 1253 4490 repraesentantemu
1323 4417 1443 4475 3011-

312 4516 416 4567 1111111
428 4513 457 4566 Ρ
508 4512 545 4569 31
564 4513 653 4565 sumat
665 4508 814 4578 exemplum
825 4525 844 4563 a
897 4508 934 4565 32
954 4508 1075 4577 sequitur
1088 4508 1115 4561 P
