3300 5142
645 555 718 625 Cep.
737 555 859 615 24-25.
1261 557 1322 620 117

187 713 273 779 filii
296 714 335 778 61
356 713 533 795 spiritus
555 712 698 790 saneti,
722 711 905 777 docentes
928 730 991 777 eos
1014 712 1227 778 obseruare
1249 728 1324 775 om-

187 816 253 881 nia
274 834 540 898 quaecumque
561 816 745 898 praecepi
767 802 902 880 66116.>
923 815 1004 898 quod
1020 816 1126 882 autem
1137 816 1221 880 Deus
1236 815 1325 898 pater

190 918 378 1002 participem
393 938 465 984 eum
478 920 566 1005 regni
581 919 696 984 faciens
718 918 832 1002 regalis
856 918 951 985 661166
975 918 1003 984 61
1029 918 1211 984 concesserit
1235 918 1323 985 sedes

191 1023 542 1092 hoedoceturoraeulo:
564 1014 674 1088 ‘dicit
694 1021 870 1088 dominus
893 1023 1043 1087 domino
1064 1040 1162 1087 meo:
1191 1022 1283 1088 sede
1305 1041 1323 1087 6

164 1126 339 1191 61661616
360 1126 454 1191 meis
476 1125 728 1209 quoadusque
751 1142 887 1208 ponam
914 1126 1097 1191 inimicos
1125 1127 1214 1191 tuos
1237 1125 1324 1191 sub-

187 1229 396 1311 pedaneum
411 1228 550 1312 pedum
565 1232 727 1293 tuorum.
751 1228 906 1313 uirgam
921 1229 1087 1295 uirtutis
1107 1230 1197 1296 1666
1212 1230 1323 1295 emit-

187 1334 245 1398 tet
267 1332 442 1397 dominus
464 1352 484 1397 6
505 1330 596 1397 Sion
618 1333 656 1397 et
678 1331 943 1398 dominaberis
966 1333 1006 1397 in
1038 1333 1166 1398 medio
1194 1332 1323 1397 inimi-

188 1453 319 1501 corum
351 1437 514 1500 tuorum.
553 1436 681 1501 tecum
713 1435 951 1517 principium
983 1436 1023 1500 in
1056 1436 1119 1502 die
1151 1436 1323 1502 uirtutis

187 1540 277 1604 tuae
297 1537 335 1604 in
358 1538 544 1604 claritate
559 1539 798 1604 sanctorum:
814 1557 862 1603 ex
877 1539 986 1604 utero
1002 1539 1092 1604 ante
1112 1540 1323 1606 luciferum

152 1643 309 1726 ingenui
342 1643 388 1707 16.
419 1641 573 1707 iurauit
609 1642 787 1708 dominus
819 1660 887 1707 666
919 1642 1142 1724 paenitebit
1176 1633 1304 1727 eum’l

189 1746 232 1811 Hi
248 1750 321 1811 sunt
335 1746 455 1811 inimici
469 1744 544 1824 Dei,
569 1746 774 1811 sacratissimi
789 1746 1007 1829 imperatores,
1030 1745 1083 1828 qui
1106 1746 1249 1813 ueritatis
1271 1765 1437 1815 666666.

189 1850 293 1915 dinem
319 1849 473 1915 contraria
499 1849 568 1933 lege
594 1849 794 1929 conturbant,
818 1850 872 1932 qui
886 1869 1047 1932 peruersae
1070 1849 1252 1934 cupiditatis
1273 1852 1350 1919 in-9

187 1952 304 2018 stinctu
326 1952 478 2037 sacrilega
492 1954 565 2017 uota
581 1953 770 2036 concipiunt,
794 1954 848 2037 qui
862 1953 1006 2036 profanae
1021 1954 1136 2020 mentis
1151 1955 1253 2021 furore
1267 1958 1322 2022 661

187 2056 311 2140 lignum
326 2074 446 2138 semper
460 2058 645 2121 uenerantur
658 2060 714 2122 aut
728 2058 874 2140 lapidem.
898 2058 931 2122 in
952 2058 1013 2123 isto
1034 2058 1100 2124 loco
1123 2059 1215 2141 positi
1237 2059 1322 2125 ordi-

151 2188 178 2226 15
188 2180 260 2226 nem
275 2159 422 2225 debemus
437 2162 561 2243 sanctae
575 2160 787 2244 dispositionis
802 2162 935 2244 aperire,
951 2163 988 2226 61
1004 2161 1152 2245 quicquid
1166 2162 1255 2228 nobis
1270 2163 1322 2228 in·

188 2262 417 2347 uestigantibus
432 2264 574 2330 sanctum
589 2264 647 2328 Dei
660 2264 791 2330 uerbum
805 2265 983 2348 prophetica
1003 2265 1136 2331 tradidit
1156 2266 1321 2350 disciplina

187 2365 226 2430 ad
252 2366 429 2431 refutandas
451 2366 570 2449 profani
594 2368 704 2434 erroris
720 2368 858 2434 maculas
874 2369 1050 2451 specialiter
1065 2368 1248 2452 explicetur,
1271 2389 1320 2449 66,

188 2469 230 2548 61,
253 2473 290 2534 61
304 2486 361 2534 666
377 2469 527 2549 diximus,
551 2472 718 2535 commenti
733 2472 806 2536 sunt
820 2454 874 2553 qui
890 2471 1052 2555 sacrilegia
1067 2472 1241 2537 errantibus
1256 2473 1322 2539 tra·

188 2572 347 2652 didenmt,
371 2573 415 2639 sie
430 2592 448 2639 a
462 2574 551 2639 nobis
566 2575 639 2639 ordo
654 2575 798 2641 ueritatis
813 2576 964 2642 curiosius
979 2576 1165 2659 requiratur.
1190 2596 1320 2659 suspen-

70 2673 76 2684 '
153 2674 231 2740 rosis
256 2675 362 2759 itaque
388 2678 551 2759 paululum
576 2678 686 2744 ceteris
712 2680 752 2745 ad
777 2679 853 2745 hoec
875 2680 1053 2763 explicanda
1068 2700 1146 2763 quae
1161 2699 1234 2746 uera
1248 2682 1322 2746 sunt

188 2779 391 2844 transferatur
405 2782 513 2846 oratio.

231 2880 309 2960 Vos,
332 2883 451 2948 domini
464 2884 682 2966 imperatores,
705 2887 884 2951 sanctarum
905 2888 1027 2952 aurium
1049 2889 1225 2953 uestrarum
1240 2886 1373 2953 minias

188 2986 381 3051 commodate
407 2987 605 3070 patientiam,
639 2990 676 3054 ut
697 2990 800 3054 totum
821 2989 1002 3056 clementiae
1017 2993 1137 3056 uestrae
1153 2990 1234 3074 quod
1249 3010 1321 3073 pro·

188 3088 346 3154 mittimus
362 3089 558 3172 explicemus.
582 3110 636 3156 our
650 3091 749 3171 Deus,
771 3092 806 3157 id
827 3094 874 3157 661
896 3092 980 3158 filius
1000 3093 1074 3173 Dei,
1103 3094 1195 3159 homo
1211 3113 1320 3178 passus

153 3193 236 3255 aest
250 3190 317 3256 fieri
331 3192 420 3257 breui
435 3211 470 3257 ac
485 3211 558 3259 uera
577 3194 689 3277 pietati
709 3198 831 3261 uestrae
852 3196 971 3263 ratione
992 3198 1224 3263 monstrabitur.
1247 3217 1320 3264 cum

188 3293 345 3358 hominem
359 3295 511 3376 primum,
535 3297 568 3361 id
583 3296 770 3377 ostridam,
794 3299 834 3364 ad
854 3300 1024 3385 imaginem
1051 3319 1140 3366 suam
1164 3302 1250 3367 Deus
1272 3300 1320 3367 fa·

189 3399 285 3474 66661,
309 3398 424 3462 certam
439 3398 488 3463 illi
503 3400 720 3466 mandatorum
735 3402 821 3467 dedit
836 3403 946 3487 legem.
976 3403 1004 3467 is
1024 3422 1078 3485 per
1098 3404 1263 3484 feminam,
1286 3405 1319 3470 id

189 3502 236 3563 est
250 3500 365 3579 Euam,
382 3502 527 3585 deceptus
545 3503 663 3569 diaboli
678 3506 927 3587 persuasionibus
941 3506 1111 3588 promissae
1127 3502 1187 3571 6111
1202 3506 1319 3593 gloriae

188 3603 324 3687 perdidit
338 3604 540 3689 dignitatem:
564 3607 686 3692 lignum
706 3610 773 3674 erat
792 3610 825 3673 in
847 3610 987 3692 paradiso
1003 3609 1085 3692 quod
1099 3610 1319 3693 promissorum

153 3729 206 3774 666
221 3708 286 3773 Deo
301 3708 509 3791 praemiorum
524 3710 659 3792 perdidit
673 3712 816 3797 gratiam.
834 3714 872 3778 de
887 3712 1018 3798 uirginis
1030 3714 1129 3779 terrae
1140 3708 1216 3778 limo
1226 3714 1349 3785 hemon

188 3810 289 3877 factus
305 3810 367 3877 est:
381 3812 518 3877 nondum
533 3814 631 3893 enim,
653 3815 689 3880 ut
704 3815 749 3880 ait
764 3815 934 3900 scriptura,
951 3834 1043 3899 supra
1057 3818 1170 3881 terram
1185 3816 1317 3899 pluerat.

291 4017 310 4074 4
328 4017 371 4071 Ps.
387 4016 453 4083 109,
469 4018 548 4075 1-4,

240 4189 403 4246 66611111Ρ
455 4191 633 4261 'IerSyona
649 4194 662 4262 ΙΙ
677 4193 856 4249 dominuneris
870 4195 897 4250 P
949 4194 1008 4253 961
1020 4210 1082 4250 era
1135 4196 1174 4253 10
1185 4197 1318 4266 peniteuit

187 4276 227 4339 P,
246 4277 427 4345 poenitebita
480 4278 617 4335 11th
670 4282 707 4338 12
725 4281 896 4337 instinctoP
960 4282 993 4340 17
1011 4298 1044 4335 66
1057 4283 1095 4347 61,
1113 4286 1144 4336 61
1156 4284 1265 4352 scripsi:
1285 4298 1318 4338 no

186 4362 258 4417 61661
270 4364 327 4428 Pa,
346 4382 379 4419 ne
392 4365 475 4430 61661,
488 4369 519 4420 61
531 4366 671 4433 Bursian,
685 4384 716 4423 66
728 4369 765 4435 61,
785 4371 816 4423 61
828 4370 949 4425 tentarit
957 4386 1061 4438 parum
1073 4370 1192 4438 feliciter
1206 4370 1318 4438 Ordior,-

186 4449 239 4501 ulr'i
250 4450 385 4518 quaedam
397 4451 487 4506 deesse
498 4454 632 4521 acceptasti
642 4461 710 4509 erent
766 4454 802 4512 18
820 4456 988 4510 commentiti
1001 4457 1134 4511 Mercator
1188 4456 1320 4513 191666·
1405 4468 1408 4475 ’

186 4533 284 4588 riosins
297 4535 424 4591 Bursian
477 4537 707 4608 23pauenua1³
759 4541 798 4601 25
816 4542 928 4611 pietatis
942 4543 970 4596 P
