3300 5142
545 511 709 579 Dialogus
726 511 741 564 I
758 511 805 579 (ΙΙ,
824 510 938 580 8-10.)
1237 512 1297 578 191

176 665 264 731 nobie
279 665 380 748 coepit
394 683 460 730 esee
474 666 635 749 contigua,
650 667 674 732 ii
689 666 742 748 qui
758 685 826 731 sam
841 667 960 732 eminus
975 667 1194 750 sequebantur,
1210 683 1299 749 prae-

178 769 279 836 dicere
292 787 406 852 magna
420 785 494 832 uoce
508 771 671 851 ooeperrmt
685 770 722 833 ut
735 787 922 836 caneremus.
946 770 999 835 esd
1013 772 1176 853 postquam
1192 769 1231 833 01
1245 779 1328 834 noea

178 872 277 937 toruis
301 870 468 935 furibunda
492 869 662 936 luminibus
688 871 813 955 propius
839 873 981 951 necessit,
1004 872 1158 937 Martinus
1180 871 1301 936 eleuata

179 975 332 1058 [obuiam]
357 992 451 1038 manu
466 974 613 1056 pecudem
634 975 798 1040 consistere
817 974 919 1040 iubet:
941 994 1019 1057 quae
1032 992 1104 1039 mox
1118 975 1157 1039 ad
1172 974 1301 1039 uerbum

155 1077 264 1143 silum
289 1078 372 1142 stare
397 1077 498 1160 coepit
521 1071 695 1154 inmobilis,
717 1095 789 1142 oum
808 1078 927 1143 interea.
948 1078 1031 1142 uidit
1045 1078 1198 1143 Martinus
1213 1077 1329 1143 dorsou

178 1180 265 1245 illiue
290 1181 469 1245 daemonem
494 1179 756 1262 supersedentem:
779 1200 871 1262 quem
892 1181 1072 1263 increpans,
1095 1180 1231 1258 discede,
1253 1181 1302 1245 in-

180 1283 266 1365 quit,
289 1281 425 1361 funeste,
448 1282 487 1346 de
511 1283 628 1365 pecude
651 1284 683 1346 et
707 1282 866 1348 innoxium
892 1283 1008 1348 0111001
1033 1285 1152 1367 agitare
1178 1283 1300 1348 desiste.

180 1385 284 1469 perdit
298 1405 430 1466 nequam
445 1386 574 1468 spiritus
589 1387 621 1449 et
635 1386 771 1450 recessit.
794 1403 850 1450 neo
876 1384 930 1450 def
951 1385 976 1449 't
1002 1404 1108 1450 sensus
1128 1385 1332 1464 1110011104

181 1489 255 1570 quin
279 1506 312 1552 se
336 1487 530 1571 intellegeret
555 1485 734 1553 liberatam:
759 1489 829 1552 ante
844 1487 936 1570 pedes
950 1489 1049 1553 sancti
1064 1489 1186 1572 recepta
1201 1489 1304 1571 quiete

145 1589 402 1674 roproetemitur,
425 1590 496 1654 dein
517 1590 641 1654 iubente
666 1591 800 1654 Martino
825 1609 952 1674 gregem
978 1610 1069 1655 suum
1094 1590 1187 1673 petiit
1213 1611 1304 1674 seque

181 1692 298 1776 agmini
316 1694 488 1757 ceterarum
508 1710 565 1757 oue
581 1692 731 1775 placidior
744 1692 912 1758 inmiscuit.
928 1691 986 1758 hoo
1000 1692 1079 1757 illud
1093 1692 1155 1757 luit
1169 1693 1303 1777 tempus,
1315 1703 1332 1757 5

181 1814 241 1877 quo
265 1795 347 1860 iuter
372 1794 490 1859 mediae
515 1793 657 1859 flammae
682 1795 801 1877 positus
822 1813 884 1860 uon
898 1795 994 1860 sensit
1008 1795 1199 1874 incendium,
1223 1797 1305 1878 quod

181 1897 260 1962 mihi
284 1915 345 1962 non
369 1897 502 1963 arbitror
526 1915 591 1962 esse
617 1896 828 1976 referendum,
851 1898 924 1980 quia
945 1897 1001 1963 hoc
1022 1898 1143 1980 plenius
1158 1899 1217 1964 iste
1232 1897 1303 1964 Sul·

182 2001 296 2084 picius,
318 2000 392 2064 licet
411 2001 443 2066 in
465 2001 545 2064 libro
560 2019 615 2065 eno
629 2000 849 2082 praeteritum,
872 2000 905 2064 in
920 2000 1054 2082 epistula
1069 2002 1174 2066 umen
1188 2003 1303 2084 postea,

147 2121 276 2185 requam
302 2102 342 2167 ad
368 2103 554 2182 Eusebium,
577 2104 652 2167 tunc
671 2101 900 2184 presbyterum,
924 2101 1014 2167 modo
1029 2103 1204 2186 episcopum
1220 2103 1304 2182 fecit,

88 2188 91 2196 ’
183 2206 338 2288 exposuit:
361 2225 455 2286 quam
469 2207 520 2283 tu,
544 2204 758 2282 Postumiana,
782 2204 838 2269 aut
863 2205 952 2270 credo
978 2204 1100 2288 legisti,
1124 2207 1179 2270 aut
1204 2208 1231 2272 si
1255 2208 1305 2270 in-

183 2309 306 2391 cognita
320 2308 380 2372 tibi
395 2310 459 2385 eet,
475 2327 546 2372 cum
560 2307 701 2385 libuerit,
721 2307 914 2390 inpromptu
930 2325 966 2372 er
979 2306 1034 2373 illo
1049 2309 1180 2374 armario
1194 2309 1305 2374 habes:

183 2430 238 2476 nos
253 2411 292 2476 ab
306 2410 362 2476 illo
376 2411 491 2476 0111000
504 2409 681 2475 referemus.

227 2512 368 2592 Quodam
382 2516 535 2596 tempore,
559 2532 631 2578 cum
645 2513 797 2578 dioeceses
813 2513 972 2591 circuiret,
995 2513 1175 2579 uenantium
1196 2523 1335 2598 agmone

149 2616 379 2681 ”incurrimus
414 2634 503 2680 canes
528 2615 664 2697 leporem
689 2615 909 2696 sequebantur:
933 2615 1056 2698 iamque
1079 2617 1179 2682 multo
1207 2617 1307 2700 spatio

185 2719 270 2784 uicta
284 2719 425 2796 bestiola,
451 2737 522 2782 oum
537 2718 672 2800 undique
686 2719 804 2801 campie
817 2717 883 2782 1010
897 2718 1076 2801 patentibus
1090 2719 1211 2784 nullum
1227 2721 1307 2784 esset

187 2821 351 2906 effugium,
374 2823 507 2885 mortem
521 2821 723 2885 inminentem
745 2819 948 2902 iamiamque
963 2821 1110 2904 capienda
1125 2822 1238 2887 crebris
1253 2821 1308 2886 110-

186 2924 276 2989 ribus
291 2923 460 2988 differebat.
484 2923 571 2988 cuiue
585 2922 756 3005 perieulum
771 2923 821 2986 uir
835 2922 945 2987 beatus
960 2924 1012 3006 pia
1026 2924 1129 2989 mente
1143 2923 1309 2989 miseratus

185 3028 319 3110 imperat
334 3026 475 3103 canibus,
498 3025 682 3090 demeterent
710 3025 796 3106 sequi
822 3025 855 3088 et
879 3024 1014 3089 sinerent
1029 3025 1113 3090 abiro
1127 3024 1307 3110 fugientem.

151 3131 331 3196 recontinuo
353 3129 393 3194 01
414 3128 551 3212 primum
565 3127 712 3193 sermonis
735 3127 903 3210 imperium
931 3127 1149 3193 constiterunt:
1173 3129 1309 3194 crederes

188 3233 327 3310 uinctos,
349 3231 446 3295 immo
460 3231 564 3313 potius
579 3229 693 3295 adfiroe
707 3229 740 3294 in
755 3229 820 3294 suis
834 3229 959 3294 haerere
979 3229 1130 3314 uestigiis.
1155 3231 1200 3296 ita
1220 3231 1310 3314 lepu-

188 3335 291 3400 sculus
305 3333 550 3417 persecutoribus
564 3332 703 3415 alligatis
717 3331 881 3396 incolumis
896 3332 1005 3396 euasit.

231 3435 348 3520 Operae
362 3435 497 3519 pretium
512 3437 617 3501 autem
632 3436 695 3513 est,
718 3435 815 3500 etiam
830 3433 998 3499 familiaria
1012 3434 1098 3502 illiue
1113 3436 1224 3516 uerba,
1247 3438 1311 3520 spi·
1324 3443 1362 3506 lt

188 3539 343 3604 ritualiter
357 3539 456 3616 00100,
482 3556 660 3603 memorare.
690 3556 781 3619 quem
806 3555 910 3602 recens
935 3539 1056 3603 tonsam
1081 3537 1160 3604 forte
1186 3557 1340 3623 conspe-a

241 3775 368 3841 lhiiA,
387 3776 500 3831 hiFVa
522 3778 534 3845 ΙΙ
556 3773 828 3846 praedicare2eodd.
847 3773 903 3829 Gs'e.
975 3776 1120 3832 dobuiam
1140 3793 1189 3832 ocu
1214 3777 1252 3846 V,
1276 3780 1312 3845 of.

189 3863 336 3916 tccoenuit.
349 3862 435 3915 Mart.
457 3865 506 3931 13,
526 3867 546 3916 8
568 3864 580 3930 11
603 3859 678 3915 iubet
689 3877 738 3915 om.
751 3860 782 3914 F
786 3877 831 3928 pr.
844 3877 878 3913 m.
892 3859 972 3914 iussit
983 3862 1090 3916 Foorr.
1145 3863 1163 3922 5
1181 3863 1252 3917 uidit
1278 3865 1313 3919 V:

189 3947 265 4002 uidet
275 3948 348 4002 AFo
416 3947 434 4003 6
452 3947 579 4001 descende
591 3947 655 4000 ΒΜ
715 3946 752 4003 10
769 3944 892 4000 deindeo
914 3947 926 4013 11
948 3947 1029 4015 petiit
1041 3948 1171 4002 ABMV:
1187 3949 1259 4018 petit
1270 3950 1316 4006 Fu

243 4033 281 4089 14
299 4032 372 4086 labro
396 4049 443 4086 eno
466 4033 612 4101 praeterito
639 4032 665 4085 V
745 4032 781 4090 15
801 4033 862 4085 tum
885 4031 942 4084 AF
1024 4033 1060 4089 18
1081 4033 1219 4088 referimus
1242 4035 1315 4092 Anu

243 4119 279 4174 19
293 4117 411 4184 Quodam
422 4118 492 4171 BV:
512 4117 630 4184 Quodam
641 4120 731 4170 autem
743 4117 815 4171 AFa
833 4121 842 4182 1
859 4133 919 4171 cum
933 4117 968 4170 V:
986 4117 1049 4171 dum
1060 4119 1132 4174 AFo
1154 4122 1167 4188 11
1189 4120 1279 4174 1001010
1292 4122 1319 4177 V

202 4209 212 4270 Ι
238 4204 389 4258 circumiret
401 4202 428 4256 A
450 4205 463 4272 11
486 4203 588 4273 agmini
606 4203 628 4272 Q
640 4205 697 4256 ct2
716 4203 782 4256 labri
796 4201 878 4256 Gtecl.
958 4203 997 4258 24
1015 4206 1046 4256 ut
1066 4203 1226 4260 desisterent
1243 4207 1315 4263 Ano

243 4290 423 4348 2500111100
449 4289 492 4343 V:
527 4289 574 4357 qui
594 4289 718 4342 continuo
740 4288 812 4342 AFo
840 4289 852 4355 ΙΙ
881 4287 1022 4357 imperium
1051 4291 1179 4344 sermonis
1199 4292 1241 4360 F,
1267 4291 1315 4346 aad

195 4374 257 4444 imp.
279 4375 406 4430 additam
425 4392 459 4428 m.
481 4378 513 4438 2;
533 4373 660 4428 sermonis
672 4373 729 4428 eins
740 4373 803 4442 imp.
816 4373 843 4426 Β
895 4373 934 4430 26
952 4374 1108 4443 usstigieF
1168 4377 1206 4434 28
1224 4379 1314 4432 antem

197 4460 224 4515 V
235 4477 255 4514 0.
279 4461 296 4514 l.
317 4461 395 4514 babet
417 4461 430 4527 11
453 4459 632 4529 spiritualiter
649 4459 721 4513 salsa
732 4459 771 4513 B:
790 4457 952 4528 spiritaliter
963 4462 1055 4514 sancta
1070 4462 1109 4528 V,
1129 4463 1248 4532 spiritali
1259 4463 1315 4518 eale
