3300 5142
366 525 430 590 256
844 519 1024 590 appendix«

366 685 429 743 tum
444 683 570 756 digneris
584 681 682 740 neuim
697 681 887 756 conloquium.
911 680 1039 752 desinas,
1061 697 1180 755 quaero,
1204 681 1310 740 inertes
1324 683 1353 740 et
1368 679 1491 753 trepides

367 786 535 844 conturbare
550 789 579 844 et
594 784 761 844 iaetantiam
776 787 857 844 tuam
871 784 970 858 procul
985 800 1131 857 exerceas,
1154 785 1183 843 el
1198 785 1343 844 existimes
1365 800 1413 842 me
1434 782 1491 842 lae·

365 887 423 946 tari
441 890 493 946 tua
514 888 661 961 superbia,
684 905 740 946 nen
762 887 883 948 edendi:
907 902 959 946 nee
980 887 1050 946 nudi
1071 887 1146 946 enim
1161 903 1213 947 nee
1234 887 1371 946 ineruditi
1386 902 1489 944 sumus.

370 990 468 1049 saltim
483 993 513 1049 te
526 991 626 1048 mitem
641 989 730 1048 faeiat
745 989 928 1048 Maximinus.

648 1606 733 1682 VII.
761 1607 863 1683 Alius
880 1609 1049 1709 epistulae
1065 1608 1217 1684 lateam.

406 1971 586 2072 Animorum
600 2014 714 2087 quidem
729 2014 799 2073 ddee
812 2017 842 2073 ei
856 2013 956 2089 religio
971 2017 1084 2088 menet,
1107 2015 1155 2074 sed
1171 2015 1241 2074 haee
1255 2015 1429 2074 declaranda
1449 2018 1488 2074 est

363 2114 468 2174 indicio
492 2116 669 2188 litterarum,
692 2119 725 2175 ut
751 2117 881 2176 caritatis
908 2119 1091 2191 augmentum
1118 2117 1291 2177 salutatione
1321 2121 1486 2178 sunereseat.

363 2218 528 2277 sicutenim
544 2219 651 2278 fertilis
666 2237 734 2293 ager
748 2218 860 2278 fruetus
875 2219 1001 2292 cepisses
1016 2218 1153 2278 adtollere
1168 2237 1225 2280 non
1247 2221 1355 2293 petest,
1384 2221 1410 2278 si
1430 2219 1487 2278 eul-

362 2321 428 2378 turu
449 2322 619 2394 messuerit,
647 2325 677 2380 et
697 2325 838 2380 terrarum
864 2322 977 2380 benitas
997 2322 1072 2396 perit
1098 2321 1208 2381 desidia
1230 2321 1422 2396 quieseantis‚
1451 2323 1486 2380 sie

362 2440 484 2482 emerem
506 2424 685 2497 gratiamque
710 2424 799 2483 animi
821 2427 891 2497 pute
911 2442 992 2498 pesse
1012 2428 1184 2498 torpescere,
1207 2425 1264 2484 nisi
1286 2425 1336 2499 qui
1356 2427 1515 2486 absentee

362 2528 430 2584 sunt
444 2526 594 2599 epistulari
609 2527 771 2600 praesentia
784 2527 947 2587 uisitentur.

413 2707 514 2764 3nudi
527 2709 564 2762 P:
582 2708 643 2762 duri
655 2708 714 2763 edd.
762 2710 890 2765 dealtem
903 2710 962 2764 edd.
1010 2709 1267 2766 saulaumonis
1280 2711 1344 2765 Pet
1357 2710 1420 2764 edd.
1434 2710 1487 2778 Ap

357 2794 572 2862 paretdlialse.
586 2794 712 2862 epistula)
725 2795 837 2849 titulum
853 2812 908 2850 essa
972 2796 1175 2851 uersutia...
1189 2797 1216 2850 P
1266 2794 1447 2851 enuetose
1465 2798 1476 2864 tt

362 2879 397 2932 si·
416 2879 555 2933 cultraP¹
626 2880 664 2937 10
680 2880 789 2935 absente
802 2881 830 2934 P
887 2880 923 2938 11
942 2883 1110 2950 aequitania
1127 2883 1155 2936 P
1171 2881 1379 2951 (ltemlnedd.)
1400 2882 1487 2952 mlle

361 2966 518 3021 interiecto:
537 2966 593 3020 Dee
604 2967 707 3034 gratias
720 2983 804 3020 amen.
