3300 5142
355 522 416 587 112
764 520 905 573 Firmioi
923 520 1071 573 Materni

353 692 474 759 eerdote
488 695 629 760 omnium
644 694 698 776 qui
717 693 833 758 flebant
854 693 956 758 fauces
977 696 1170 777 unguentur,
1194 694 1305 775 quibus
1326 695 1485 777 perunctis

354 798 492 861 sacerdos
506 798 564 862 hoe
578 798 661 862 lente
676 816 834 862 murmure
849 798 1004 861 susurrat:

507 903 659 987 θαρρεῖτε
673 893 793 985 μύσται
807 907 866 965 τοῦ
881 904 962 965 θεοῦ
978 898 1197 982 σεσωσμένου·

506 999 599 1069 ἔσται
613 998 672 1091 γὰρ
688 997 763 1083 ὶμῖν
780 1002 816 1068 ἐκ
834 995 945 1069 πόνων
964 999 1116 1089 σωτηρία.

324 1108 428 1191 aquid
441 1108 569 1173 miseros
583 1106 717 1173 nortuum
732 1107 910 1191 gaudeant?
937 1105 1011 1190 quid
1037 1105 1179 1187 deeeptus
1205 1106 1344 1172 homines
1372 1107 1516 1173 laetaris

351 1209 533 1293 compellis?
555 1230 648 1293 quam
663 1210 727 1274 illis
747 1230 849 1292 spem,
872 1230 967 1293 quam
986 1210 1121 1275 salutem
1143 1209 1266 1275 funesta
1285 1212 1486 1292 persuasione

350 1314 530 1397 promittis?
552 1312 627 1395 quid
642 1312 714 1377 illos
728 1313 808 1379 falsa
828 1312 1053 1396 pollicitatione
1075 1312 1248 1378 sollicitas?
1270 1313 1320 1377 dei
1335 1314 1385 1379 tui
1400 1332 1485 1378 mors

351 1421 425 1485 nota
448 1418 512 1497 est,
536 1419 605 1483 uita
627 1436 688 1483 nou
708 1420 796 1501 paret
811 1437 868 1483 nee
894 1417 931 1481 de
946 1418 1166 1483 resurreetione
1182 1418 1248 1482 eius
1263 1417 1409 1482 diuinum
1424 1417 1485 1482 ali-

351 1523 471 1604 quande
497 1521 654 1604 respondit
677 1506 837 1585 oraeulum
863 1540 918 1585 neo
944 1520 1120 1585 hominibus
1143 1538 1175 1584 se
1190 1522 1425 1602 postmortem,
1449 1520 1486 1585 ut

351 1624 411 1691 sibi
427 1626 617 1703 crederetur,
633 1624 783 1702 ostendit,
798 1624 886 1688 nulla
900 1623 993 1687 huius
1008 1623 1108 1705 operis
1123 1623 1306 1690 documenta
1320 1623 1486 1705 praemisit
1494 1649 1517 1686 ιο

350 1747 406 1794 nee
431 1748 464 1794 se
488 1730 546 1794 hoo
572 1727 730 1793 iacturum
755 1746 820 1792 esse
846 1727 1099 1811 praecedentibus
1120 1726 1306 1792 monstrauit
1322 1726 1483 1809 exemplis.

321 1832 469 1897 eidelum
484 1830 605 1914 sepelis.
634 1830 754 1895 idolum
768 1830 905 1914 plangis,
928 1830 1048 1895 idolum
1062 1830 1100 1895 de
1115 1831 1274 1913 sepultura
1288 1830 1437 1913 proferis,
1454 1834 1486 1895 et

350 1936 445 2000 miser
459 1955 530 1999 eum
545 1935 620 1998 haee
635 1932 744 1999 leceris
759 1934 884 2018 gaudes.
901 1934 936 1997 tu
948 1934 1040 1998 deum
1049 1934 1140 1998 tuum
1150 1933 1280 2011 liberas,
1295 1936 1332 1997 tu
1347 1934 1485 1999 iacentia

349 2038 462 2120 lapidis
473 2037 613 2103 membra
623 2037 789 2120 componis,
804 2038 841 2100 tu
855 2035 1033 2101 insensibile
1048 2036 1176 2120 corrigis
1191 2056 1315 2101 sarum:
1332 2036 1391 2101 tibi
1408 2039 1485 2120 agat

349 2142 466 2226 gratias
481 2140 556 2205 deus
571 2142 658 2219 tuus,
681 2141 713 2204 te
727 2140 854 2221 paribus
870 2140 1044 2205 remuneret
1067 2140 1171 2218 donis,
1194 2140 1227 2204 te
1248 2140 1295 2204 sui
1322 2140 1399 2204 uelit
1417 2158 1512 2205 essee

318 2245 539 2329 4partieipem,
556 2244 601 2309 sie
615 2242 756 2309 moriaris
771 2244 809 2307 ut
822 2243 969 2321 moritur,
986 2242 1030 2307 sio
1044 2242 1134 2307 rriuas
1150 2243 1186 2306 ut
1200 2242 1291 2307 uiurit.
1314 2262 1386 2308 nam
1398 2243 1484 2326 quod

347 2347 439 2414 odore
453 2349 683 2431 perunguantur
697 2346 816 2425 faueas,
840 2347 909 2428 quis
924 2363 985 2410 nen
999 2344 1118 2410 lacinus
1134 2344 1220 2411 istud
1235 2345 1374 2428 dispecta
1389 2348 1482 2412 uani-

346 2452 412 2517 tate
427 2453 624 2517 eontemnat?
645 2449 739 2514 habet
759 2468 831 2533 ergo
846 2449 988 2514 diabolus
1010 2448 1142 2514 christos
1163 2466 1233 2515 suos
1254 2450 1300 2527 et,
1324 2450 1397 2532 quia
1414 2450 1482 2535 ipse

235 2566 336 2611 Pollu·
347 2553 547 2619 antichristus
560 2555 625 2631 est,
640 2553 680 2617 ad
694 2552 857 2618 infamiam
877 2554 881 2635 l
901 2552 1034 2617 nominis
1049 2552 1098 2617 sui
1113 2551 1242 2618 miseros
1256 2552 1395 2618 homiues
1413 2572 1481 2619 see-

346 2657 445 2722 lerata
459 2656 605 2723 societate
619 2657 768 2739 perducit.
791 2658 985 2742 unguentum
998 2656 1187 2721 hoereseruo
1196 2656 1336 2735 mortuis,
1353 2674 1511 2723 reseruata

347 2760 521 2839 morituris,
545 2760 582 2824 ut
595 2778 670 2842 quos
685 2760 802 2842 laqueis
827 2760 891 2824 tuis
912 2760 1043 2842 ceperis,
1067 2778 1117 2825 ees
1144 2760 1290 2825 uenenato
1315 2762 1479 2844 unguento

347 2863 460 2928 oblitos
474 2862 601 2948 lugubri
616 2883 652 2928 ao
666 2863 788 2928 funesto
804 2882 925 2944 semper
940 2880 1060 2946 mergas
1076 2862 1177 2927 exitio.

296 2962 336 3024 22
390 2966 487 3031 Aliud
503 2970 551 3032 est
571 2967 780 3052 unguentum,
803 2965 886 3047 quod
908 2967 992 3031 Deus
1017 2968 1105 3049 pater
1131 2968 1220 3033 unioo
1247 2964 1381 3031 tradidit
1408 2965 1486 3043 filio,

347 3070 429 3153 quod
450 3069 535 3135 filius
557 3069 752 3135 erodentibus
774 3069 882 3134 diuina
910 3070 1047 3135 numinis
1074 3071 1122 3135 sui
1151 3070 1316 3135 maiestate
1336 3069 1485 3153 largitur.

346 3172 463 3238 Christi
479 3173 672 3257 unguentum
691 3173 863 3237 immortali
884 3173 1103 3256 compositione
1124 3172 1284 3239 conficitur
1304 3174 1335 3236 et
1356 3172 1517 3255 spirita-a

347 3276 432 3340 libus
445 3276 678 3361 pigmentorum
691 3276 836 3340 odoribus
850 3276 1056 3358 temperatur:
1079 3276 1136 3341 hoe
1157 3277 1350 3361 unguentum
1365 3295 1384 3339 a
1398 3292 1486 3339 mor·

347 3377 465 3444 talibus
491 3378 610 3462 laqueis
635 3379 741 3461 putres
767 3378 929 3443 hominum
954 3382 1040 3445 artus
1066 3380 1165 3458 eruit,
1194 3380 1231 3443 ut
1245 3378 1366 3463 sepulto
1381 3378 1486 3459 primo

348 3481 472 3545 homine
487 3501 524 3546 er
538 3483 644 3547 eodem
660 3482 769 3547 statim
783 3482 907 3547 homine
922 3481 1014 3548 homo
1029 3482 1109 3547 alius
1124 3482 1246 3548 felisius
1266 3482 1430 3547 nascatur:
1454 3483 1486 3546 et

347 3586 385 3650 ut
399 3585 457 3649 hoo
471 3584 667 3650 manifestius
689 3585 874 3667 explicetur,
903 3603 1060 3651 saerarum
1082 3584 1250 3651 lectionum
1273 3603 1382 3651 areana
1404 3604 1485 3666 pau-
1615 3658 1616 3673 χ

318 3686 447 3753 2denda
462 3688 542 3753 sunt.
567 3688 612 3753 ait
626 3689 709 3752 enim
720 3687 834 3766 Dauid,
851 3689 887 3752 ut
901 3687 994 3753 huius
1009 3689 1159 3773 unguenti
1175 3688 1311 3773 gratiam
1325 3686 1482 3753 traderet:
1492 3710 1516 3753 u
1615 3684 1616 3734 ἶ

343 3783 555 3873 ‘speciosus
584 3791 710 3856 forma
740 3810 828 3873 prae
859 3790 966 3857 liliis
996 3792 1207 3871 hominum,
1245 3790 1400 3856 diffusa
1423 3795 1483 3856 est

449 3947 486 4003 31
505 3946 549 4001 Ps.
563 3946 611 4011 44,
625 3946 726 4004 3-10.

399 4086 601 4154 Iunguntura
653 4086 1026 4153 3eAP1³1TnprCTEP
1094 4086 1271 4143 4ΕΟΤΕΡ
1332 4087 1481 4155 butgau-

299 4159 304 4167 ’
345 4170 428 4224 deant
444 4188 463 4224 a
515 4171 688 4240 lpermittis
705 4172 733 4224 P
783 4171 875 4227 8neu
897 4176 1031 4242 comparet
1046 4190 1064 4226 α
1100 4172 1310 4242 9respendeta
1358 4171 1395 4228 10
1418 4188 1480 4241 pre-

345 4256 453 4310 misita
506 4257 542 4313 12
555 4256 828 4326 proferisP:preiers
838 4258 897 4311 edd.
909 4260 944 4325 es.
956 4258 993 4312 ud
998 4276 1028 4327 p.
1040 4262 1130 4326 107,9
1184 4258 1222 4315 14
1234 4257 1479 4327 agatPthabota,

345 4342 445 4396 habeat
454 4344 595 4397 Wouerus
606 4350 632 4396 et
642 4342 768 4396 Boreion
821 4342 859 4400 16
872 4344 940 4411 quod
952 4343 1164 4399 odoreBursieu
1173 4344 1233 4412 (sed
1243 4344 1314 4397 mem
1323 4342 1392 4411 quod
1404 4343 1479 4397 olore

341 4430 531 4499 praeferebam:
550 4446 600 4497 quo
622 4428 711 4482 dolore
732 4428 771 4492 P,
790 4428 860 4497 quod
881 4433 1017 4499 unguento
1037 4446 1055 4483 a
1108 4428 1144 4486 17
1162 4432 1377 4499 perunguntura
1399 4431 1411 4497 ll
1435 4429 1478 4483 di-

346 4517 437 4584 specta
449 4514 487 4568 P:
506 4514 630 4583 despecta
643 4514 702 4567 edd.
717 4516 810 4582 inepte
876 4514 1085 4571 eunomiana
1148 4515 1187 4574 25
1207 4513 1394 4583 spiritualibus
1413 4532 1432 4567 a
