<?xml version="1.0" encoding="UTF-8"?>
<!DOCTYPE html PUBLIC "-//W3C//DTD XHTML 1.0 Transitional//EN"
    "http://www.w3.org/TR/xhtml1/DTD/xhtml1-transitional.dtd">
<html xmlns="http://www.w3.org/1999/xhtml" xml:lang="en" lang="en">
 <head>
  <title>
</title>
<meta http-equiv="Content-Type" content="text/html;charset=utf-8" />
  <meta name='ocr-system' content='tesseract 3.04.00' />
  <meta name='ocr-capabilities' content='ocr_page ocr_carea ocr_par ocr_line ocrx_word'/>
</head>
<body>
  <div class='ocr_page' id='page_1' title='image "./corpusscriptoru12wissgoog_0146.png"; bbox 0 0 3300 5142; ppageno 0'>
   <div class='ocr_carea' id='block_1_1' title="bbox 343 535 1043 606">
    <p class='ocr_par' dir='ltr' id='par_1_1' title="bbox 343 535 1043 606">
     <span class='ocr_line' id='line_1_1' title="bbox 343 535 1043 606; baseline -0.019 -1"><span class='ocrx_word' id='word_1_1' title='bbox 343 539 404 606; x_wconf 83' lang='grc'><strong>128</strong></span> <span class='ocrx_word' id='word_1_2' title='bbox 759 535 907 606; x_wconf 81' lang='lat' dir='ltr'><strong>Sulpicii</strong></span> <span class='ocrx_word' id='word_1_3' title='bbox 928 537 1043 592; x_wconf 82' lang='lat' dir='ltr'><strong>Seueri</strong></span> 
     </span>
    </p>
   </div>
   <div class='ocr_carea' id='block_1_2' title="bbox 284 690 1499 3142">
    <p class='ocr_par' dir='ltr' id='par_1_2' title="bbox 291 690 1462 1085">
     <span class='ocr_line' id='line_1_2' title="bbox 291 690 1460 775; baseline 0 -19"><span class='ocrx_word' id='word_1_4' title='bbox 291 693 329 756; x_wconf 80' lang='grc'><strong>11</strong></span> <span class='ocrx_word' id='word_1_5' title='bbox 383 692 531 758; x_wconf 80' lang='lat' dir='ltr'><strong>Arborins</strong></span> <span class='ocrx_word' id='word_1_6' title='bbox 546 695 665 771; x_wconf 83' lang='lat' dir='ltr'><strong>entem,</strong></span> <span class='ocrx_word' id='word_1_7' title='bbox 687 691 736 758; x_wconf 88' lang='lat' dir='ltr'><strong>uir</strong></span> <span class='ocrx_word' id='word_1_8' title='bbox 750 691 984 775; x_wconf 74' lang='lat' dir='ltr'><strong>praefectorius,</strong></span> <span class='ocrx_word' id='word_1_9' title='bbox 1005 691 1104 758; x_wconf 83' lang='lat' dir='ltr'><strong>suncti</strong></span> <span class='ocrx_word' id='word_1_10' title='bbox 1122 691 1290 758; x_wconf 75' lang='lat' dir='ltr'><strong>admodum</strong></span> <span class='ocrx_word' id='word_1_11' title='bbox 1308 692 1341 756; x_wconf 87' lang='grc'><strong>61</strong></span> <span class='ocrx_word' id='word_1_12' title='bbox 1359 690 1460 758; x_wconf 88' lang='lat' dir='ltr'><strong>fidelis</strong></span> 
     </span>
     <span class='ocr_line' id='line_1_3' title="bbox 339 793 1462 880; baseline -0.003 -18"><span class='ocrx_word' id='word_1_13' title='bbox 339 796 470 880; x_wconf 85' lang='lat' dir='ltr'><strong>ingenii,</strong></span> <span class='ocrx_word' id='word_1_14' title='bbox 493 815 564 862; x_wconf 88' lang='lat' dir='ltr'><strong>cum</strong></span> <span class='ocrx_word' id='word_1_15' title='bbox 588 795 653 860; x_wconf 88' lang='grc'><strong>1116</strong></span> <span class='ocrx_word' id='word_1_16' title='bbox 676 795 742 860; x_wconf 89' lang='lat' dir='ltr'><strong>eius</strong></span> <span class='ocrx_word' id='word_1_17' title='bbox 766 795 1143 879; x_wconf 68' lang='grc' dir='ltr'><strong>ςτ6616611616666616666</strong></span> <span class='ocrx_word' id='word_1_18' title='bbox 1162 793 1462 873; x_wconf 70' lang='lat' dir='ltr'><strong>foenerarentur,</strong></span> 
     </span>
     <span class='ocr_line' id='line_1_4' title="bbox 338 896 1461 982; baseline -0.003 -18"><span class='ocrx_word' id='word_1_19' title='bbox 338 899 503 982; x_wconf 71' lang='lat' dir='ltr'>epistulam</span> <span class='ocrx_word' id='word_1_20' title='bbox 527 898 669 976; x_wconf 83' lang='lat' dir='ltr'><strong>Martini,</strong></span> <span class='ocrx_word' id='word_1_21' title='bbox 704 917 782 981; x_wconf 83' lang='lat' dir='ltr'><strong>quae</strong></span> <span class='ocrx_word' id='word_1_22' title='bbox 807 916 879 964; x_wconf 87' lang='grc'><strong>6666</strong></span> <span class='ocrx_word' id='word_1_23' title='bbox 904 898 943 964; x_wconf 87' lang='grc'><strong>61</strong></span> <span class='ocrx_word' id='word_1_24' title='bbox 968 917 1040 964; x_wconf 87' lang='lat' dir='ltr'><strong>eum</strong></span> <span class='ocrx_word' id='word_1_25' title='bbox 1066 898 1168 964; x_wconf 76' lang='lat' dir='ltr'><strong>delate</strong></span> <span class='ocrx_word' id='word_1_26' title='bbox 1193 897 1308 976; x_wconf 83' lang='lat' dir='ltr'><strong>lueret,</strong></span> <span class='ocrx_word' id='word_1_27' title='bbox 1345 896 1461 979; x_wconf 84' lang='lat' dir='ltr'><strong>pectori</strong></span> 
     </span>
     <span class='ocr_line' id='line_1_5' title="bbox 337 999 1462 1085; baseline -0.003 -18"><span class='ocrx_word' id='word_1_28' title='bbox 337 1001 455 1084; x_wconf 81' lang='lat' dir='ltr'><strong>puellae</strong></span> <span class='ocrx_word' id='word_1_29' title='bbox 476 1001 509 1066; x_wconf 91' lang='lat' dir='ltr'><strong>in</strong></span> <span class='ocrx_word' id='word_1_30' title='bbox 528 1001 594 1084; x_wconf 88' lang='lat' dir='ltr'><strong>ipso</strong></span> <span class='ocrx_word' id='word_1_31' title='bbox 608 1018 729 1066; x_wconf 82' lang='lat' dir='ltr'><strong>accessu</strong></span> <span class='ocrx_word' id='word_1_32' title='bbox 748 1001 865 1066; x_wconf 86' lang='lat' dir='ltr'><strong>urderis</strong></span> <span class='ocrx_word' id='word_1_33' title='bbox 885 1001 1030 1078; x_wconf 75' lang='lat' dir='ltr'><strong>inseruit,</strong></span> <span class='ocrx_word' id='word_1_34' title='bbox 1052 1001 1220 1083; x_wconf 81' lang='lat' dir='ltr'><strong>statimque</strong></span> <span class='ocrx_word' id='word_1_35' title='bbox 1239 999 1348 1085; x_wconf 77' lang='lat' dir='ltr'><strong>lugete</strong></span> <span class='ocrx_word' id='word_1_36' title='bbox 1367 999 1462 1064; x_wconf 86' lang='lat' dir='ltr'><strong>febris</strong></span> 
     </span>
    </p>

    <p class='ocr_par' dir='ltr' id='par_1_3' title="bbox 309 1102 1499 1600">
     <span class='ocr_line' id='line_1_6' title="bbox 309 1102 1499 1187; baseline 0.003 -22"><span class='ocrx_word' id='word_1_37' title='bbox 309 1106 393 1170; x_wconf 76' lang='grc'><strong>6661.</strong></span> <span class='ocrx_word' id='word_1_38' title='bbox 414 1123 490 1187; x_wconf 84' lang='lat' dir='ltr'><strong>quse</strong></span> <span class='ocrx_word' id='word_1_39' title='bbox 505 1122 552 1168; x_wconf 91' lang='lat' dir='ltr'><strong>res</strong></span> <span class='ocrx_word' id='word_1_40' title='bbox 566 1104 647 1186; x_wconf 83' lang='lat' dir='ltr'><strong>apud</strong></span> <span class='ocrx_word' id='word_1_41' title='bbox 661 1103 829 1169; x_wconf 81' lang='lat' dir='ltr'><strong>Arberium</strong></span> <span class='ocrx_word' id='word_1_42' title='bbox 843 1103 876 1169; x_wconf 88' lang='lat' dir='ltr'><strong>in</strong></span> <span class='ocrx_word' id='word_1_43' title='bbox 889 1105 1012 1169; x_wconf 77' lang='lat' dir='ltr'><strong>tantm</strong></span> <span class='ocrx_word' id='word_1_44' title='bbox 1027 1104 1142 1181; x_wconf 83' lang='lat' dir='ltr'><strong>uuluit,</strong></span> <span class='ocrx_word' id='word_1_45' title='bbox 1157 1105 1194 1168; x_wconf 90' lang='lat' dir='ltr'><strong>ut</strong></span> <span class='ocrx_word' id='word_1_46' title='bbox 1207 1103 1316 1168; x_wconf 77' lang='lat' dir='ltr'><strong>stetim</strong></span> <span class='ocrx_word' id='word_1_47' title='bbox 1326 1102 1462 1186; x_wconf 81' lang='lat' dir='ltr'><strong>puellum</strong></span> <span class='ocrx_word' id='word_1_48' title='bbox 1485 1119 1499 1159; x_wconf 72' lang='lat'><strong>⁶</strong></span> 
     </span>
     <span class='ocr_line' id='line_1_7' title="bbox 336 1206 1460 1291; baseline -0.001 -18"><span class='ocrx_word' id='word_1_49' title='bbox 336 1209 401 1273; x_wconf 89' lang='lat' dir='ltr'><strong>Deo</strong></span> <span class='ocrx_word' id='word_1_50' title='bbox 416 1207 536 1272; x_wconf 89' lang='lat' dir='ltr'><strong>uenerit</strong></span> <span class='ocrx_word' id='word_1_51' title='bbox 550 1210 582 1272; x_wconf 91' lang='lat' dir='ltr'><strong>et</strong></span> <span class='ocrx_word' id='word_1_52' title='bbox 594 1207 756 1289; x_wconf 75' lang='lat' dir='ltr'><strong>perpetres</strong></span> <span class='ocrx_word' id='word_1_53' title='bbox 770 1207 946 1291; x_wconf 75' lang='lat' dir='ltr'><strong>uirginitati</strong></span> <span class='ocrx_word' id='word_1_54' title='bbox 959 1207 1086 1272; x_wconf 75' lang='lat' dir='ltr'><strong>dieunt:</strong></span> <span class='ocrx_word' id='word_1_55' title='bbox 1101 1206 1313 1289; x_wconf 77' lang='lat' dir='ltr'><strong>profectumque</strong></span> <span class='ocrx_word' id='word_1_56' title='bbox 1326 1206 1367 1272; x_wconf 81' lang='lat' dir='ltr'><strong>ed</strong></span> <span class='ocrx_word' id='word_1_57' title='bbox 1376 1206 1460 1272; x_wconf 75' lang='grc'><strong>1166-</strong></span> 
     </span>
     <span class='ocr_line' id='line_1_8' title="bbox 336 1309 1461 1392; baseline 0 -16"><span class='ocrx_word' id='word_1_58' title='bbox 336 1310 438 1376; x_wconf 92' lang='lat' dir='ltr'><strong>tinum</strong></span> <span class='ocrx_word' id='word_1_59' title='bbox 459 1309 593 1392; x_wconf 72' lang='lat' dir='ltr'><strong>puellam</strong></span> <span class='ocrx_word' id='word_1_60' title='bbox 614 1309 659 1388; x_wconf 86' lang='lat' dir='ltr'><strong>ei,</strong></span> <span class='ocrx_word' id='word_1_61' title='bbox 692 1327 832 1392; x_wconf 85' lang='lat' dir='ltr'><strong>praesens</strong></span> <span class='ocrx_word' id='word_1_62' title='bbox 859 1311 1014 1375; x_wconf 91' lang='lat' dir='ltr'><strong>uirtutum</strong></span> <span class='ocrx_word' id='word_1_63' title='bbox 1035 1310 1102 1374; x_wconf 92' lang='lat' dir='ltr'><strong>eius</strong></span> <span class='ocrx_word' id='word_1_64' title='bbox 1122 1309 1351 1389; x_wconf 87' lang='lat' dir='ltr'><strong>testimonium,</strong></span> <span class='ocrx_word' id='word_1_65' title='bbox 1384 1328 1461 1392; x_wconf 78' lang='lat' dir='ltr'><strong>quae</strong></span> 
     </span>
     <span class='ocr_line' id='line_1_9' title="bbox 336 1412 1459 1496; baseline 0.002 -20"><span class='ocrx_word' id='word_1_66' title='bbox 336 1431 390 1496; x_wconf 88' lang='lat' dir='ltr'><strong>per</strong></span> <span class='ocrx_word' id='word_1_67' title='bbox 403 1413 560 1478; x_wconf 81' lang='lat' dir='ltr'><strong>absentem</strong></span> <span class='ocrx_word' id='word_1_68' title='bbox 573 1413 646 1478; x_wconf 92' lang='lat' dir='ltr'><strong>licet</strong></span> <span class='ocrx_word' id='word_1_69' title='bbox 660 1414 765 1478; x_wconf 83' lang='lat' dir='ltr'><strong>curete</strong></span> <span class='ocrx_word' id='word_1_70' title='bbox 778 1413 1019 1492; x_wconf 66' lang='grc'><strong>6661611611,</strong></span> <span class='ocrx_word' id='word_1_71' title='bbox 1033 1431 1130 1496; x_wconf 88' lang='lat' dir='ltr'><strong>neque</strong></span> <span class='ocrx_word' id='word_1_72' title='bbox 1149 1413 1188 1479; x_wconf 87' lang='grc'><strong>61</strong></span> <span class='ocrx_word' id='word_1_73' title='bbox 1209 1412 1269 1478; x_wconf 89' lang='grc'><strong>6116</strong></span> <span class='ocrx_word' id='word_1_74' title='bbox 1283 1432 1352 1478; x_wconf 84' lang='lat' dir='ltr'><strong>eum</strong></span> <span class='ocrx_word' id='word_1_75' title='bbox 1366 1431 1459 1496; x_wconf 83' lang='lat' dir='ltr'><strong>quem</strong></span> 
     </span>
     <span class='ocr_line' id='line_1_10' title="bbox 336 1515 1352 1600; baseline 0 -20"><span class='ocrx_word' id='word_1_76' title='bbox 336 1535 354 1580; x_wconf 93' lang='grc'><strong>6</strong></span> <span class='ocrx_word' id='word_1_77' title='bbox 368 1515 501 1580; x_wconf 76' lang='grc'><strong>11661166</strong></span> <span class='ocrx_word' id='word_1_78' title='bbox 515 1515 624 1581; x_wconf 81' lang='lat' dir='ltr'><strong>habitu</strong></span> <span class='ocrx_word' id='word_1_79' title='bbox 640 1515 832 1600; x_wconf 79' lang='lat' dir='ltr'><strong>uirginitatis</strong></span> <span class='ocrx_word' id='word_1_80' title='bbox 846 1516 978 1598; x_wconf 85' lang='lat' dir='ltr'><strong>inposito</strong></span> <span class='ocrx_word' id='word_1_81' title='bbox 993 1533 1101 1598; x_wconf 88' lang='lat' dir='ltr'><strong>pessus</strong></span> <span class='ocrx_word' id='word_1_82' title='bbox 1114 1517 1163 1580; x_wconf 91' lang='lat' dir='ltr'><strong>est</strong></span> <span class='ocrx_word' id='word_1_83' title='bbox 1175 1515 1352 1582; x_wconf 87' lang='lat' dir='ltr'><strong>consecrari.</strong></span> 
     </span>
    </p>

    <p class='ocr_par' dir='ltr' id='par_1_4' title="bbox 308 1617 1499 1908">
     <span class='ocr_line' id='line_1_11' title="bbox 308 1617 1499 1704; baseline 0.001 -21"><span class='ocrx_word' id='word_1_84' title='bbox 308 1635 325 1690; x_wconf 87' lang='lat'>3</span> <span class='ocrx_word' id='word_1_85' title='bbox 379 1619 528 1684; x_wconf 77' lang='lat' dir='ltr'>Paulinus</span> <span class='ocrx_word' id='word_1_86' title='bbox 543 1619 648 1704; x_wconf 82' lang='lat' dir='ltr'><strong>magni</strong></span> <span class='ocrx_word' id='word_1_87' title='bbox 663 1619 712 1684; x_wconf 90' lang='lat' dir='ltr'><strong>uir</strong></span> <span class='ocrx_word' id='word_1_88' title='bbox 726 1620 923 1701; x_wconf 88' lang='lat' dir='ltr'><strong>postmodum</strong></span> <span class='ocrx_word' id='word_1_89' title='bbox 937 1617 1061 1684; x_wconf 81' lang='lat' dir='ltr'><strong>futurus</strong></span> <span class='ocrx_word' id='word_1_90' title='bbox 1075 1619 1222 1700; x_wconf 85' lang='lat' dir='ltr'><strong>exempli,</strong></span> <span class='ocrx_word' id='word_1_91' title='bbox 1245 1637 1315 1684; x_wconf 88' lang='lat' dir='ltr'><strong>cum</strong></span> <span class='ocrx_word' id='word_1_92' title='bbox 1335 1619 1459 1684; x_wconf 90' lang='lat' dir='ltr'><strong>oculum</strong></span> <span class='ocrx_word' id='word_1_93' title='bbox 1470 1632 1499 1672; x_wconf 85' lang='lat'><strong>¹⁰</strong></span> 
     </span>
     <span class='ocr_line' id='line_1_12' title="bbox 337 1721 1460 1805; baseline 0 -19"><span class='ocrx_word' id='word_1_94' title='bbox 337 1722 473 1805; x_wconf 84' lang='lat' dir='ltr'><strong>grauiter</strong></span> <span class='ocrx_word' id='word_1_95' title='bbox 487 1721 587 1786; x_wconf 90' lang='lat' dir='ltr'><strong>dolere</strong></span> <span class='ocrx_word' id='word_1_96' title='bbox 608 1722 754 1804; x_wconf 86' lang='lat' dir='ltr'><strong>coepisset</strong></span> <span class='ocrx_word' id='word_1_97' title='bbox 774 1723 806 1786; x_wconf 93' lang='grc'><strong>61</strong></span> <span class='ocrx_word' id='word_1_98' title='bbox 826 1723 890 1786; x_wconf 83' lang='lat' dir='ltr'><strong>iem</strong></span> <span class='ocrx_word' id='word_1_99' title='bbox 909 1721 1060 1804; x_wconf 72' lang='lat' dir='ltr'><strong>pupillam</strong></span> <span class='ocrx_word' id='word_1_100' title='bbox 1074 1722 1140 1786; x_wconf 91' lang='lat' dir='ltr'><strong>eius</strong></span> <span class='ocrx_word' id='word_1_101' title='bbox 1154 1721 1283 1786; x_wconf 76' lang='lat' dir='ltr'><strong>crassior</strong></span> <span class='ocrx_word' id='word_1_102' title='bbox 1295 1721 1392 1786; x_wconf 89' lang='lat' dir='ltr'><strong>nubes</strong></span> <span class='ocrx_word' id='word_1_103' title='bbox 1406 1740 1460 1786; x_wconf 92' lang='lat' dir='ltr'><strong>su·</strong></span> 
     </span>
     <span class='ocr_line' id='line_1_13' title="bbox 337 1823 1461 1908; baseline 0.002 -20"><span class='ocrx_word' id='word_1_104' title='bbox 337 1823 484 1907; x_wconf 78' lang='lat' dir='ltr'><strong>perducta</strong></span> <span class='ocrx_word' id='word_1_105' title='bbox 504 1824 643 1902; x_wconf 80' lang='lat' dir='ltr'><strong>texisset,</strong></span> <span class='ocrx_word' id='word_1_106' title='bbox 670 1825 793 1890; x_wconf 88' lang='lat' dir='ltr'><strong>oculum</strong></span> <span class='ocrx_word' id='word_1_107' title='bbox 815 1825 845 1888; x_wconf 91' lang='lat' dir='ltr'><strong>ei</strong></span> <span class='ocrx_word' id='word_1_108' title='bbox 865 1824 1017 1890; x_wconf 78' lang='lat' dir='ltr'><strong>Martinus</strong></span> <span class='ocrx_word' id='word_1_109' title='bbox 1038 1824 1180 1906; x_wconf 85' lang='lat' dir='ltr'><strong>penicillo</strong></span> <span class='ocrx_word' id='word_1_110' title='bbox 1201 1824 1333 1908; x_wconf 85' lang='lat' dir='ltr'><strong>contigit</strong></span> <span class='ocrx_word' id='word_1_111' title='bbox 1353 1825 1461 1907; x_wconf 82' lang='lat' dir='ltr'><strong>pristi-</strong></span> 
     </span>
    </p>

    <p class='ocr_par' dir='ltr' id='par_1_5' title="bbox 309 1927 1497 2218">
     <span class='ocr_line' id='line_1_14' title="bbox 309 1927 1459 2010; baseline 0.003 -19"><span class='ocrx_word' id='word_1_112' title='bbox 309 1937 469 2009; x_wconf 84' lang='lat' dir='ltr'><strong>4nemque</strong></span> <span class='ocrx_word' id='word_1_113' title='bbox 490 1927 519 1992; x_wconf 93' lang='lat' dir='ltr'><strong>ei</strong></span> <span class='ocrx_word' id='word_1_114' title='bbox 540 1927 703 1992; x_wconf 75' lang='lat' dir='ltr'><strong>sanitatem</strong></span> <span class='ocrx_word' id='word_1_115' title='bbox 725 1927 847 1992; x_wconf 84' lang='lat' dir='ltr'><strong>subluto</strong></span> <span class='ocrx_word' id='word_1_116' title='bbox 868 1927 953 1993; x_wconf 93' lang='lat' dir='ltr'><strong>omni</strong></span> <span class='ocrx_word' id='word_1_117' title='bbox 973 1927 1075 1993; x_wconf 90' lang='lat' dir='ltr'><strong>dolore</strong></span> <span class='ocrx_word' id='word_1_118' title='bbox 1097 1928 1241 1993; x_wconf 87' lang='lat' dir='ltr'><strong>restituit.</strong></span> <span class='ocrx_word' id='word_1_119' title='bbox 1270 1927 1335 2010; x_wconf 88' lang='lat' dir='ltr'><strong>ipse</strong></span> <span class='ocrx_word' id='word_1_120' title='bbox 1356 1929 1459 1994; x_wconf 83' lang='lat' dir='ltr'><strong>eutem</strong></span> 
     </span>
     <span class='ocr_line' id='line_1_15' title="bbox 338 2029 1460 2114; baseline 0 -20"><span class='ocrx_word' id='word_1_121' title='bbox 338 2047 408 2094; x_wconf 92' lang='lat' dir='ltr'><strong>cum</strong></span> <span class='ocrx_word' id='word_1_122' title='bbox 423 2048 495 2098; x_wconf 87' lang='grc'><strong>6666</strong></span> <span class='ocrx_word' id='word_1_123' title='bbox 509 2030 641 2112; x_wconf 80' lang='lat' dir='ltr'><strong>quedem</strong></span> <span class='ocrx_word' id='word_1_124' title='bbox 656 2032 735 2095; x_wconf 91' lang='lat' dir='ltr'><strong>esset</strong></span> <span class='ocrx_word' id='word_1_125' title='bbox 749 2031 786 2095; x_wconf 90' lang='lat' dir='ltr'><strong>de</strong></span> <span class='ocrx_word' id='word_1_126' title='bbox 806 2030 947 2096; x_wconf 81' lang='lat' dir='ltr'><strong>cenaculo</strong></span> <span class='ocrx_word' id='word_1_127' title='bbox 962 2029 1124 2095; x_wconf 86' lang='lat' dir='ltr'><strong>deuolutus</strong></span> <span class='ocrx_word' id='word_1_128' title='bbox 1144 2031 1176 2094; x_wconf 90' lang='lat' dir='ltr'><strong>et</strong></span> <span class='ocrx_word' id='word_1_129' title='bbox 1195 2049 1249 2112; x_wconf 88' lang='lat' dir='ltr'><strong>per</strong></span> <span class='ocrx_word' id='word_1_130' title='bbox 1268 2029 1460 2114; x_wconf 79' lang='lat' dir='ltr'><strong>cendrugesos</strong></span> 
     </span>
     <span class='ocr_line' id='line_1_16' title="bbox 336 2132 1497 2218; baseline 0.001 -22"><span class='ocrx_word' id='word_1_131' title='bbox 336 2133 435 2198; x_wconf 86' lang='grc'><strong>666166</strong></span> <span class='ocrx_word' id='word_1_132' title='bbox 449 2133 561 2218; x_wconf 78' lang='lat' dir='ltr'><strong>gradus</strong></span> <span class='ocrx_word' id='word_1_133' title='bbox 576 2132 716 2199; x_wconf 83' lang='lat' dir='ltr'><strong>desidem</strong></span> <span class='ocrx_word' id='word_1_134' title='bbox 731 2133 840 2199; x_wconf 87' lang='lat' dir='ltr'><strong>multis</strong></span> <span class='ocrx_word' id='word_1_135' title='bbox 852 2133 1029 2200; x_wconf 89' lang='lat' dir='ltr'><strong>uulneribus</strong></span> <span class='ocrx_word' id='word_1_136' title='bbox 1044 2135 1125 2198; x_wconf 90' lang='lat' dir='ltr'><strong>esset</strong></span> <span class='ocrx_word' id='word_1_137' title='bbox 1137 2132 1290 2212; x_wconf 84' lang='grc'><strong>61166166,</strong></span> <span class='ocrx_word' id='word_1_138' title='bbox 1306 2151 1377 2198; x_wconf 91' lang='lat' dir='ltr'><strong>cum</strong></span> <span class='ocrx_word' id='word_1_139' title='bbox 1387 2150 1459 2197; x_wconf 84' lang='lat' dir='ltr'><strong>eru·</strong></span> <span class='ocrx_word' id='word_1_140' title='bbox 1468 2146 1497 2187; x_wconf 84' lang='lat' dir='ltr'><strong>u</strong></span> 
     </span>
    </p>

    <p class='ocr_par' dir='ltr' id='par_1_6' title="bbox 334 2235 1460 2525">
     <span class='ocr_line' id='line_1_17' title="bbox 337 2235 1458 2313; baseline 0 -13"><span class='ocrx_word' id='word_1_141' title='bbox 337 2235 431 2300; x_wconf 91' lang='lat' dir='ltr'><strong>nimis</strong></span> <span class='ocrx_word' id='word_1_142' title='bbox 446 2236 557 2302; x_wconf 82' lang='lat' dir='ltr'><strong>iaceret</strong></span> <span class='ocrx_word' id='word_1_143' title='bbox 567 2235 600 2302; x_wconf 92' lang='lat' dir='ltr'><strong>in</strong></span> <span class='ocrx_word' id='word_1_144' title='bbox 611 2235 722 2302; x_wconf 83' lang='grc'><strong>6611616</strong></span> <span class='ocrx_word' id='word_1_145' title='bbox 732 2239 763 2302; x_wconf 88' lang='grc'><strong>61</strong></span> <span class='ocrx_word' id='word_1_146' title='bbox 773 2237 935 2302; x_wconf 82' lang='lat' dir='ltr'><strong>inmodicis</strong></span> <span class='ocrx_word' id='word_1_147' title='bbox 946 2236 1102 2302; x_wconf 89' lang='lat' dir='ltr'><strong>doloribus</strong></span> <span class='ocrx_word' id='word_1_148' title='bbox 1116 2235 1310 2313; x_wconf 77' lang='lat' dir='ltr'><strong>cruciaretur,</strong></span> <span class='ocrx_word' id='word_1_149' title='bbox 1328 2236 1458 2301; x_wconf 86' lang='grc'><strong>6661661</strong></span> 
     </span>
     <span class='ocr_line' id='line_1_18' title="bbox 336 2339 1458 2423; baseline -0.002 -19"><span class='ocrx_word' id='word_1_150' title='bbox 336 2339 463 2423; x_wconf 81' lang='lat' dir='ltr'><strong>angelus</strong></span> <span class='ocrx_word' id='word_1_151' title='bbox 478 2339 563 2404; x_wconf 89' lang='lat' dir='ltr'><strong>uisus</strong></span> <span class='ocrx_word' id='word_1_152' title='bbox 578 2342 625 2405; x_wconf 91' lang='grc'><strong>661</strong></span> <span class='ocrx_word' id='word_1_153' title='bbox 639 2340 739 2404; x_wconf 90' lang='lat' dir='ltr'><strong>eluere</strong></span> <span class='ocrx_word' id='word_1_154' title='bbox 753 2339 926 2404; x_wconf 83' lang='grc'><strong>66166661</strong></span> <span class='ocrx_word' id='word_1_155' title='bbox 940 2339 1056 2404; x_wconf 86' lang='lat' dir='ltr'><strong>salubri</strong></span> <span class='ocrx_word' id='word_1_156' title='bbox 1071 2339 1243 2422; x_wconf 79' lang='lat' dir='ltr'><strong>unguedine</strong></span> <span class='ocrx_word' id='word_1_157' title='bbox 1254 2339 1373 2404; x_wconf 87' lang='lat' dir='ltr'><strong>contusi</strong></span> <span class='ocrx_word' id='word_1_158' title='bbox 1391 2355 1458 2402; x_wconf 89' lang='lat' dir='ltr'><strong>cer-</strong></span> 
     </span>
     <span class='ocr_line' id='line_1_19' title="bbox 334 2441 1460 2525; baseline 0 -19"><span class='ocrx_word' id='word_1_159' title='bbox 334 2441 416 2522; x_wconf 89' lang='lat' dir='ltr'><strong>poris</strong></span> <span class='ocrx_word' id='word_1_160' title='bbox 435 2441 614 2523; x_wconf 88' lang='lat' dir='ltr'><strong>superlinire</strong></span> <span class='ocrx_word' id='word_1_161' title='bbox 628 2442 756 2506; x_wconf 90' lang='lat' dir='ltr'><strong>liuores:</strong></span> <span class='ocrx_word' id='word_1_162' title='bbox 771 2442 869 2525; x_wconf 82' lang='lat' dir='ltr'><strong>adque</strong></span> <span class='ocrx_word' id='word_1_163' title='bbox 883 2442 929 2506; x_wconf 84' lang='lat' dir='ltr'><strong>ite</strong></span> <span class='ocrx_word' id='word_1_164' title='bbox 941 2443 1061 2524; x_wconf 89' lang='lat' dir='ltr'><strong>postero</strong></span> <span class='ocrx_word' id='word_1_165' title='bbox 1075 2442 1125 2506; x_wconf 91' lang='lat' dir='ltr'><strong>die</strong></span> <span class='ocrx_word' id='word_1_166' title='bbox 1138 2442 1301 2506; x_wconf 86' lang='lat' dir='ltr'><strong>restitutus</strong></span> <span class='ocrx_word' id='word_1_167' title='bbox 1314 2443 1363 2506; x_wconf 89' lang='lat' dir='ltr'><strong>est</strong></span> <span class='ocrx_word' id='word_1_168' title='bbox 1376 2441 1460 2519; x_wconf 83' lang='lat' dir='ltr'><strong>seni·</strong></span> 
     </span>
    </p>

    <p class='ocr_par' dir='ltr' id='par_1_7' title="bbox 306 2543 1497 2920">
     <span class='ocr_line' id='line_1_20' title="bbox 306 2543 1460 2627; baseline -0.005 -11"><span class='ocrx_word' id='word_1_169' title='bbox 306 2545 409 2623; x_wconf 79' lang='lat' dir='ltr'><strong>stau,</strong></span> <span class='ocrx_word' id='word_1_170' title='bbox 432 2546 468 2610; x_wconf 86' lang='grc'><strong>61</strong></span> <span class='ocrx_word' id='word_1_171' title='bbox 481 2543 560 2608; x_wconf 89' lang='lat' dir='ltr'><strong>nihil</strong></span> <span class='ocrx_word' id='word_1_172' title='bbox 575 2563 721 2626; x_wconf 83' lang='lat' dir='ltr'><strong>umquem</strong></span> <span class='ocrx_word' id='word_1_173' title='bbox 738 2545 899 2626; x_wconf 81' lang='lat' dir='ltr'><strong>pertulisse</strong></span> <span class='ocrx_word' id='word_1_174' title='bbox 921 2545 1106 2610; x_wconf 85' lang='lat' dir='ltr'><strong>incommodi</strong></span> <span class='ocrx_word' id='word_1_175' title='bbox 1127 2545 1294 2627; x_wconf 76' lang='lat' dir='ltr'><strong>putaretur.</strong></span> <span class='ocrx_word' id='word_1_176' title='bbox 1317 2543 1371 2609; x_wconf 93' lang='lat' dir='ltr'><strong>sed</strong></span> <span class='ocrx_word' id='word_1_177' title='bbox 1391 2544 1460 2610; x_wconf 91' lang='lat' dir='ltr'><strong>len·</strong></span> 
     </span>
     <span class='ocr_line' id='line_1_21' title="bbox 334 2646 1497 2730; baseline 0.001 -19"><span class='ocrx_word' id='word_1_178' title='bbox 334 2665 410 2730; x_wconf 86' lang='lat' dir='ltr'><strong>gum</strong></span> <span class='ocrx_word' id='word_1_179' title='bbox 432 2648 480 2711; x_wconf 88' lang='grc'><strong>661</strong></span> <span class='ocrx_word' id='word_1_180' title='bbox 500 2646 544 2712; x_wconf 90' lang='lat' dir='ltr'><strong>ire</strong></span> <span class='ocrx_word' id='word_1_181' title='bbox 565 2665 619 2730; x_wconf 85' lang='lat' dir='ltr'><strong>per</strong></span> <span class='ocrx_word' id='word_1_182' title='bbox 639 2647 775 2730; x_wconf 82' lang='lat' dir='ltr'><strong>singule:</strong></span> <span class='ocrx_word' id='word_1_183' title='bbox 798 2647 955 2712; x_wconf 86' lang='lat' dir='ltr'><strong>sufficiunt</strong></span> <span class='ocrx_word' id='word_1_184' title='bbox 974 2648 1049 2712; x_wconf 86' lang='grc'><strong>1666</strong></span> <span class='ocrx_word' id='word_1_185' title='bbox 1071 2647 1123 2712; x_wconf 91' lang='grc'><strong>661</strong></span> <span class='ocrx_word' id='word_1_186' title='bbox 1142 2665 1238 2729; x_wconf 84' lang='lat' dir='ltr'><strong>peuce</strong></span> <span class='ocrx_word' id='word_1_187' title='bbox 1251 2648 1291 2712; x_wconf 92' lang='lat' dir='ltr'><strong>de</strong></span> <span class='ocrx_word' id='word_1_188' title='bbox 1304 2647 1497 2729; x_wconf 76' lang='lat' dir='ltr'><strong>plurimiso</strong></span> 
     </span>
     <span class='ocr_line' id='line_1_22' title="bbox 334 2749 1460 2832; baseline -0.001 -17"><span class='ocrx_word' id='word_1_189' title='bbox 334 2750 469 2832; x_wconf 85' lang='lat' dir='ltr'><strong>setisque</strong></span> <span class='ocrx_word' id='word_1_190' title='bbox 488 2749 545 2829; x_wconf 89' lang='lat' dir='ltr'><strong>sit,</strong></span> <span class='ocrx_word' id='word_1_191' title='bbox 567 2767 622 2814; x_wconf 90' lang='lat' dir='ltr'><strong>nos</strong></span> <span class='ocrx_word' id='word_1_192' title='bbox 636 2751 668 2814; x_wconf 89' lang='lat' dir='ltr'><strong>et</strong></span> <span class='ocrx_word' id='word_1_193' title='bbox 681 2751 714 2814; x_wconf 90' lang='grc'><strong>16</strong></span> <span class='ocrx_word' id='word_1_194' title='bbox 728 2750 946 2816; x_wconf 78' lang='lat' dir='ltr'><strong>excellentibus</strong></span> <span class='ocrx_word' id='word_1_195' title='bbox 964 2768 1024 2816; x_wconf 92' lang='lat' dir='ltr'><strong>non</strong></span> <span class='ocrx_word' id='word_1_196' title='bbox 1045 2749 1223 2816; x_wconf 79' lang='lat' dir='ltr'><strong>subtrahere</strong></span> <span class='ocrx_word' id='word_1_197' title='bbox 1243 2750 1406 2815; x_wconf 75' lang='lat' dir='ltr'><strong>ueritatem</strong></span> <span class='ocrx_word' id='word_1_198' title='bbox 1426 2751 1460 2815; x_wconf 91' lang='lat' dir='ltr'><strong>et</strong></span> 
     </span>
     <span class='ocr_line' id='line_1_23' title="bbox 334 2852 811 2920; baseline 0.002 -3"><span class='ocrx_word' id='word_1_199' title='bbox 334 2853 367 2917; x_wconf 92' lang='lat' dir='ltr'><strong>in</strong></span> <span class='ocrx_word' id='word_1_200' title='bbox 388 2853 498 2918; x_wconf 91' lang='lat' dir='ltr'><strong>multis</strong></span> <span class='ocrx_word' id='word_1_201' title='bbox 519 2853 618 2918; x_wconf 80' lang='lat' dir='ltr'><strong>uitare</strong></span> <span class='ocrx_word' id='word_1_202' title='bbox 640 2852 811 2920; x_wconf 82' lang='lat' dir='ltr'><strong>festidium.</strong></span> 
     </span>
    </p>

    <p class='ocr_par' dir='ltr' id='par_1_8' title="bbox 284 2955 1459 3142">
     <span class='ocr_line' id='line_1_24' title="bbox 284 2955 1458 3040; baseline -0.002 -19"><span class='ocrx_word' id='word_1_203' title='bbox 284 2969 323 3032; x_wconf 74' lang='lat'><strong>20</strong></span> <span class='ocrx_word' id='word_1_204' title='bbox 376 2955 486 3040; x_wconf 85' lang='lat' dir='ltr'><strong>Adque</strong></span> <span class='ocrx_word' id='word_1_205' title='bbox 501 2956 537 3020; x_wconf 92' lang='lat' dir='ltr'><strong>nt</strong></span> <span class='ocrx_word' id='word_1_206' title='bbox 552 2957 670 3021; x_wconf 85' lang='lat' dir='ltr'><strong>minere</strong></span> <span class='ocrx_word' id='word_1_207' title='bbox 684 2955 779 3022; x_wconf 81' lang='lat' dir='ltr'><strong>tentis</strong></span> <span class='ocrx_word' id='word_1_208' title='bbox 794 2957 928 3022; x_wconf 80' lang='lat' dir='ltr'><strong>mserum</strong></span> <span class='ocrx_word' id='word_1_209' title='bbox 939 2993 980 3003; x_wconf 95' lang='lat'><strong>-—</strong></span> <span class='ocrx_word' id='word_1_210' title='bbox 993 2957 1151 3039; x_wconf 82' lang='lat' dir='ltr'><strong>quemuis,</strong></span> <span class='ocrx_word' id='word_1_211' title='bbox 1172 2959 1209 3022; x_wconf 92' lang='lat' dir='ltr'><strong>ut</strong></span> <span class='ocrx_word' id='word_1_212' title='bbox 1222 2959 1269 3021; x_wconf 86' lang='lat' dir='ltr'><strong>est</strong></span> <span class='ocrx_word' id='word_1_213' title='bbox 1283 2957 1458 3020; x_wconf 85' lang='lat' dir='ltr'><strong>nestrorum</strong></span> 
     </span>
     <span class='ocr_line' id='line_1_25' title="bbox 333 3059 1459 3142; baseline -0.001 -18"><span class='ocrx_word' id='word_1_214' title='bbox 333 3061 416 3124; x_wconf 87' lang='grc'><strong>66166</strong></span> <span class='ocrx_word' id='word_1_215' title='bbox 437 3060 628 3142; x_wconf 78' lang='lat' dir='ltr'><strong>temporum,</strong></span> <span class='ocrx_word' id='word_1_216' title='bbox 661 3059 773 3141; x_wconf 87' lang='lat' dir='ltr'><strong>quibus</strong></span> <span class='ocrx_word' id='word_1_217' title='bbox 795 3059 859 3124; x_wconf 83' lang='grc'><strong>1666</strong></span> <span class='ocrx_word' id='word_1_218' title='bbox 880 3060 1047 3142; x_wconf 74' lang='lat' dir='ltr'><strong>deprensis</strong></span> <span class='ocrx_word' id='word_1_219' title='bbox 1073 3061 1178 3128; x_wconf 83' lang='lat' dir='ltr'><strong>omniu</strong></span> <span class='ocrx_word' id='word_1_220' title='bbox 1197 3059 1295 3142; x_wconf 80' lang='lat' dir='ltr'><strong>adque</strong></span> <span class='ocrx_word' id='word_1_221' title='bbox 1316 3060 1459 3140; x_wconf 77' lang='lat' dir='ltr'><strong>eomuptn</strong></span> 
     </span>
    </p>
   </div>
   <div class='ocr_carea' id='block_1_3' title="bbox 233 3295 1552 4578">
    <p class='ocr_par' dir='ltr' id='par_1_9' title="bbox 329 3295 1457 3453">
     <span class='ocr_line' id='line_1_26' title="bbox 330 3295 1457 3368; baseline 0 -18"><span class='ocrx_word' id='word_1_222' title='bbox 330 3311 389 3350; x_wconf 88' lang='lat' dir='ltr'><strong>cum</strong></span> <span class='ocrx_word' id='word_1_223' title='bbox 402 3300 450 3351; x_wconf 91' lang='grc'><strong>661</strong></span> <span class='ocrx_word' id='word_1_224' title='bbox 461 3295 557 3366; x_wconf 80' lang='lat' dir='ltr'><strong>digitis</strong></span> <span class='ocrx_word' id='word_1_225' title='bbox 575 3329 600 3335; x_wconf 95' lang='lat'><em>-</em></span> <span class='ocrx_word' id='word_1_226' title='bbox 609 3296 712 3350; x_wconf 81' lang='lat' dir='ltr'><strong>inditae</strong></span> <span class='ocrx_word' id='word_1_227' title='bbox 724 3298 787 3350; x_wconf 89' lang='lat' dir='ltr'><strong>sunt</strong></span> <span class='ocrx_word' id='word_1_228' title='bbox 798 3297 860 3361; x_wconf 78' lang='lat' dir='ltr'><strong>AF,</strong></span> <span class='ocrx_word' id='word_1_229' title='bbox 880 3313 941 3351; x_wconf 88' lang='lat' dir='ltr'><strong>nem</strong></span> <span class='ocrx_word' id='word_1_230' title='bbox 953 3301 1001 3352; x_wconf 90' lang='grc'><strong>661</strong></span> <span class='ocrx_word' id='word_1_231' title='bbox 1012 3298 1108 3368; x_wconf 89' lang='lat' dir='ltr'><strong>digitis</strong></span> <span class='ocrx_word' id='word_1_232' title='bbox 1118 3329 1151 3336; x_wconf 82' lang='lat'>—</span> <span class='ocrx_word' id='word_1_233' title='bbox 1160 3297 1262 3353; x_wconf 77' lang='lat' dir='ltr'><strong>inditae</strong></span> <span class='ocrx_word' id='word_1_234' title='bbox 1273 3315 1291 3352; x_wconf 92' lang='grc'><strong>6</strong></span> <span class='ocrx_word' id='word_1_235' title='bbox 1340 3297 1380 3354; x_wconf 75' lang='lat'><strong>27</strong></span> <span class='ocrx_word' id='word_1_236' title='bbox 1397 3313 1457 3367; x_wconf 84' lang='lat' dir='ltr'><strong>per·</strong></span> 
     </span>
     <span class='ocr_line' id='line_1_27' title="bbox 329 3383 1051 3453; baseline 0.003 -16"><span class='ocrx_word' id='word_1_237' title='bbox 329 3399 406 3453; x_wconf 74' lang='lat' dir='ltr'><strong>saepe</strong></span> <span class='ocrx_word' id='word_1_238' title='bbox 419 3383 491 3437; x_wconf 68' lang='lat' dir='ltr'><strong>Ass</strong></span> <span class='ocrx_word' id='word_1_239' title='bbox 513 3385 525 3452; x_wconf 91' lang='grc' dir='ltr'><strong>ΙΙ</strong></span> <span class='ocrx_word' id='word_1_240' title='bbox 548 3383 710 3452; x_wconf 80' lang='lat' dir='ltr'><strong>ingenerunt</strong></span> <span class='ocrx_word' id='word_1_241' title='bbox 727 3383 761 3438; x_wconf 88' lang='lat' dir='ltr'><strong>V:</strong></span> <span class='ocrx_word' id='word_1_242' title='bbox 780 3383 964 3453; x_wconf 85' lang='lat' dir='ltr'><strong>effugeuernnt</strong></span> <span class='ocrx_word' id='word_1_243' title='bbox 978 3385 1051 3439; x_wconf 82' lang='lat' dir='ltr'><strong>AFe</strong></span> 
     </span>
    </p>

    <p class='ocr_par' dir='ltr' id='par_1_10' title="bbox 233 3469 1459 4140">
     <span class='ocr_line' id='line_1_28' title="bbox 382 3469 1455 3538; baseline -0.002 -12"><span class='ocrx_word' id='word_1_244' title='bbox 382 3469 400 3526; x_wconf 81' lang='lat'><strong>2</strong></span> <span class='ocrx_word' id='word_1_245' title='bbox 419 3469 558 3538; x_wconf 70' lang='grc'><strong>66616616</strong></span> <span class='ocrx_word' id='word_1_246' title='bbox 571 3469 635 3522; x_wconf 85' lang='grc' dir='ltr'><strong>ΒΜ</strong></span> <span class='ocrx_word' id='word_1_247' title='bbox 683 3469 703 3525; x_wconf 83' lang='grc'><strong>1</strong></span> <span class='ocrx_word' id='word_1_248' title='bbox 720 3485 827 3523; x_wconf 81' lang='lat' dir='ltr'><strong>secessu</strong></span> <span class='ocrx_word' id='word_1_249' title='bbox 839 3470 913 3538; x_wconf 85' lang='grc' dir='ltr'><strong>ΒΜ,</strong></span> <span class='ocrx_word' id='word_1_250' title='bbox 926 3476 958 3525; x_wconf 83' lang='grc'><strong>61</strong></span> <span class='ocrx_word' id='word_1_251' title='bbox 978 3470 1106 3524; x_wconf 68' lang='lat' dir='ltr'><strong>oidetse:</strong></span> <span class='ocrx_word' id='word_1_252' title='bbox 1120 3485 1235 3531; x_wconf 79' lang='grc'><strong>6666666,</strong></span> <span class='ocrx_word' id='word_1_253' title='bbox 1249 3470 1312 3538; x_wconf 82' lang='lat' dir='ltr'><strong>AF,</strong></span> <span class='ocrx_word' id='word_1_254' title='bbox 1333 3470 1398 3524; x_wconf 76' lang='grc'><strong>1166</strong></span> <span class='ocrx_word' id='word_1_255' title='bbox 1423 3469 1455 3534; x_wconf 84' lang='lat' dir='ltr'><strong>V,</strong></span> 
     </span>
     <span class='ocr_line' id='line_1_29' title="bbox 328 3555 1453 3624; baseline 0 -14"><span class='ocrx_word' id='word_1_256' title='bbox 328 3555 420 3610; x_wconf 79' lang='grc'><strong>66116</strong></span> <span class='ocrx_word' id='word_1_257' title='bbox 431 3555 481 3610; x_wconf 76' lang='lat' dir='ltr'><strong>hoc</strong></span> <span class='ocrx_word' id='word_1_258' title='bbox 493 3571 505 3608; x_wconf 92' lang='lat' dir='ltr'><strong>s</strong></span> <span class='ocrx_word' id='word_1_259' title='bbox 517 3571 605 3624; x_wconf 65' lang='lat' dir='ltr'><strong>maore</strong></span> <span class='ocrx_word' id='word_1_260' title='bbox 612 3555 764 3622; x_wconf 70' lang='lat' dir='ltr'><strong>posteriore</strong></span> <span class='ocrx_word' id='word_1_261' title='bbox 774 3557 806 3610; x_wconf 80' lang='lat' dir='ltr'><strong>e&#39;ee</strong></span> <span class='ocrx_word' id='word_1_262' title='bbox 818 3572 921 3610; x_wconf 81' lang='lat' dir='ltr'><strong>rasura</strong></span> <span class='ocrx_word' id='word_1_263' title='bbox 931 3558 1037 3624; x_wconf 71' lang='grc'><strong>6661616</strong></span> <span class='ocrx_word' id='word_1_264' title='bbox 1048 3563 1093 3610; x_wconf 83' lang='grc'><strong>661.</strong></span> <span class='ocrx_word' id='word_1_265' title='bbox 1115 3557 1292 3612; x_wconf 73' lang='grc'><strong>1161166666</strong></span> <span class='ocrx_word' id='word_1_266' title='bbox 1311 3555 1453 3610; x_wconf 69' lang='lat' dir='ltr'><strong>teotonem</strong></span> 
     </span>
     <span class='ocr_line' id='line_1_30' title="bbox 328 3640 1459 3712; baseline 0 -18"><span class='ocrx_word' id='word_1_267' title='bbox 328 3641 485 3711; x_wconf 78' lang='grc'><strong>66166166,</strong></span> <span class='ocrx_word' id='word_1_268' title='bbox 499 3657 561 3694; x_wconf 79' lang='lat' dir='ltr'><strong>eum</strong></span> <span class='ocrx_word' id='word_1_269' title='bbox 571 3640 667 3694; x_wconf 78' lang='lat' dir='ltr'><strong>saltem</strong></span> <span class='ocrx_word' id='word_1_270' title='bbox 678 3640 777 3695; x_wconf 78' lang='lat' dir='ltr'><strong>locutio</strong></span> <span class='ocrx_word' id='word_1_271' title='bbox 790 3641 904 3696; x_wconf 86' lang='grc'><strong>66666616</strong></span> <span class='ocrx_word' id='word_1_272' title='bbox 916 3642 998 3696; x_wconf 78' lang='lat' dir='ltr'><strong>febris</strong></span> <span class='ocrx_word' id='word_1_273' title='bbox 1008 3643 1136 3712; x_wconf 75' lang='lat' dir='ltr'><strong>uulgaris</strong></span> <span class='ocrx_word' id='word_1_274' title='bbox 1146 3643 1196 3710; x_wconf 82' lang='lat' dir='ltr'><strong>eit,</strong></span> <span class='ocrx_word' id='word_1_275' title='bbox 1213 3641 1261 3696; x_wconf 80' lang='lat' dir='ltr'><strong>sed</strong></span> <span class='ocrx_word' id='word_1_276' title='bbox 1272 3643 1418 3696; x_wconf 71' lang='grc'><strong>66666616</strong></span> <span class='ocrx_word' id='word_1_277' title='bbox 1431 3641 1459 3694; x_wconf 85' lang='lat' dir='ltr'><em>V</em></span> 
     </span>
     <span class='ocr_line' id='line_1_31' title="bbox 233 3721 1454 3797; baseline 0 -17"><span class='ocrx_word' id='word_1_278' title='bbox 233 3721 237 3733; x_wconf 95' lang='lat'><em>&#39;</em></span> <span class='ocrx_word' id='word_1_279' title='bbox 323 3726 465 3795; x_wconf 73' lang='lat' dir='ltr'><strong>probabile</strong></span> <span class='ocrx_word' id='word_1_280' title='bbox 476 3725 509 3792; x_wconf 75' lang='lat' dir='ltr'><strong>fit</strong></span> <span class='ocrx_word' id='word_1_281' title='bbox 521 3726 674 3794; x_wconf 68' lang='grc'><strong>8616161666</strong></span> <span class='ocrx_word' id='word_1_282' title='bbox 689 3727 830 3794; x_wconf 67' lang='lat' dir='ltr'><strong>scripsisse</strong></span> <span class='ocrx_word' id='word_1_283' title='bbox 841 3727 870 3780; x_wconf 91' lang='lat' dir='ltr'><strong>in</strong></span> <span class='ocrx_word' id='word_1_284' title='bbox 881 3728 939 3796; x_wconf 86' lang='lat' dir='ltr'><strong>ipso</strong></span> <span class='ocrx_word' id='word_1_285' title='bbox 951 3732 1060 3782; x_wconf 80' lang='lat' dir='ltr'><strong>occentu</strong></span> <span class='ocrx_word' id='word_1_286' title='bbox 1080 3730 1107 3796; x_wconf 84' lang='lat' dir='ltr'><strong>(i.</strong></span> <span class='ocrx_word' id='word_1_287' title='bbox 1121 3745 1142 3782; x_wconf 87' lang='lat' dir='ltr'><strong>e.</strong></span> <span class='ocrx_word' id='word_1_288' title='bbox 1155 3729 1332 3797; x_wconf 72' lang='lat' dir='ltr'><strong>enemente)</strong></span> <span class='ocrx_word' id='word_1_289' title='bbox 1343 3726 1454 3792; x_wconf 74' lang='lat' dir='ltr'><strong>ardoris,</strong></span> 
     </span>
     <span class='ocr_line' id='line_1_32' title="bbox 328 3813 1455 3880; baseline -0.002 -13"><span class='ocrx_word' id='word_1_290' title='bbox 328 3813 408 3867; x_wconf 80' lang='grc'><strong>66166</strong></span> <span class='ocrx_word' id='word_1_291' title='bbox 426 3813 572 3868; x_wconf 73' lang='lat' dir='ltr'><strong>lucutionis</strong></span> <span class='ocrx_word' id='word_1_292' title='bbox 589 3813 655 3867; x_wconf 82' lang='lat' dir='ltr'><strong>lroec</strong></span> <span class='ocrx_word' id='word_1_293' title='bbox 672 3813 774 3866; x_wconf 76' lang='grc'><strong>61161116</strong></span> <span class='ocrx_word' id='word_1_294' title='bbox 791 3816 914 3868; x_wconf 81' lang='lat' dir='ltr'><strong>occentus</strong></span> <span class='ocrx_word' id='word_1_295' title='bbox 926 3813 1036 3880; x_wconf 85' lang='lat' dir='ltr'><strong>hiemis,</strong></span> <span class='ocrx_word' id='word_1_296' title='bbox 1055 3814 1153 3869; x_wconf 90' lang='lat' dir='ltr'><strong>doloris</strong></span> <span class='ocrx_word' id='word_1_297' title='bbox 1164 3820 1212 3868; x_wconf 81' lang='lat' dir='ltr'><strong>ete.</strong></span> <span class='ocrx_word' id='word_1_298' title='bbox 1225 3816 1257 3868; x_wconf 80' lang='lat' dir='ltr'><strong>in</strong></span> <span class='ocrx_word' id='word_1_299' title='bbox 1268 3813 1364 3868; x_wconf 70' lang='lat' dir='ltr'><strong>unies</strong></span> <span class='ocrx_word' id='word_1_300' title='bbox 1375 3813 1455 3879; x_wconf 78' lang='lat' dir='ltr'><strong>adfe-</strong></span> 
     </span>
     <span class='ocr_line' id='line_1_33' title="bbox 327 3897 1457 3968; baseline -0.002 -15"><span class='ocrx_word' id='word_1_301' title='bbox 327 3905 432 3954; x_wconf 78' lang='lat' dir='ltr'><strong>rrentur</strong></span> <span class='ocrx_word' id='word_1_302' title='bbox 454 3901 467 3968; x_wconf 75' lang='lat' dir='ltr'><strong>ll</strong></span> <span class='ocrx_word' id='word_1_303' title='bbox 489 3897 572 3952; x_wconf 87' lang='lat' dir='ltr'><strong>febris</strong></span> <span class='ocrx_word' id='word_1_304' title='bbox 584 3898 678 3967; x_wconf 79' lang='lat' dir='ltr'><strong>lugete</strong></span> <span class='ocrx_word' id='word_1_305' title='bbox 690 3898 720 3952; x_wconf 85' lang='lat' dir='ltr'><em>F</em></span> <span class='ocrx_word' id='word_1_306' title='bbox 769 3898 947 3955; x_wconf 69' lang='lat' dir='ltr'><strong>saoneres</strong></span> <span class='ocrx_word' id='word_1_307' title='bbox 968 3901 981 3968; x_wconf 85' lang='grc' dir='ltr'><strong>ΙΙ</strong></span> <span class='ocrx_word' id='word_1_308' title='bbox 1003 3900 1170 3968; x_wconf 72' lang='lat' dir='ltr'><strong>uirginitatis</strong></span> <span class='ocrx_word' id='word_1_309' title='bbox 1189 3899 1215 3954; x_wconf 91' lang='lat' dir='ltr'><strong><em>V</em></strong></span> <span class='ocrx_word' id='word_1_310' title='bbox 1228 3901 1240 3967; x_wconf 83' lang='grc' dir='ltr'><strong>ΙΙ</strong></span> <span class='ocrx_word' id='word_1_311' title='bbox 1256 3899 1358 3952; x_wconf 86' lang='lat' dir='ltr'><strong>diceret</strong></span> <span class='ocrx_word' id='word_1_312' title='bbox 1370 3897 1457 3952; x_wconf 68' lang='grc' dir='ltr'><strong>ΑΠ’</strong></span> 
     </span>
     <span class='ocr_line' id='line_1_34' title="bbox 338 3975 1454 4055; baseline -0.001 -17"><span class='ocrx_word' id='word_1_313' title='bbox 338 3986 350 4054; x_wconf 87' lang='grc' dir='ltr'><strong>ΙΙ</strong></span> <span class='ocrx_word' id='word_1_314' title='bbox 373 3985 505 4054; x_wconf 84' lang='lat' dir='ltr'><strong>proiectus</strong></span> <span class='ocrx_word' id='word_1_315' title='bbox 525 3984 556 4038; x_wconf 82' lang='lat' dir='ltr'><strong><em>F</em></strong></span> <span class='ocrx_word' id='word_1_316' title='bbox 571 4001 614 4052; x_wconf 76' lang='lat' dir='ltr'><strong>pr.</strong></span> <span class='ocrx_word' id='word_1_317' title='bbox 636 4001 670 4038; x_wconf 85' lang='lat' dir='ltr'><strong>m.</strong></span> <span class='ocrx_word' id='word_1_318' title='bbox 742 3984 759 4040; x_wconf 89' lang='grc'><strong>7</strong></span> <span class='ocrx_word' id='word_1_319' title='bbox 777 3985 946 4053; x_wconf 83' lang='lat' dir='ltr'><strong>proeseusob</strong></span> <span class='ocrx_word' id='word_1_320' title='bbox 957 3986 1088 4039; x_wconf 85' lang='lat' dir='ltr'><strong>uirtutem</strong></span> <span class='ocrx_word' id='word_1_321' title='bbox 1099 3985 1181 4055; x_wconf 74' lang='lat' dir='ltr'><strong>AFQ</strong></span> <span class='ocrx_word' id='word_1_322' title='bbox 1203 3987 1216 4053; x_wconf 84' lang='grc' dir='ltr'><strong>ΙΙ</strong></span> <span class='ocrx_word' id='word_1_323' title='bbox 1237 3985 1313 4053; x_wconf 81' lang='lat' dir='ltr'><strong>quse]</strong></span> <span class='ocrx_word' id='word_1_324' title='bbox 1326 4001 1372 4054; x_wconf 83' lang='lat' dir='ltr'><strong>per</strong></span> <span class='ocrx_word' id='word_1_325' title='bbox 1385 3975 1454 4052; x_wconf 73' lang='lat' dir='ltr'><strong>ques</strong></span> 
     </span>
     <span class='ocr_line' id='line_1_35' title="bbox 326 4069 1455 4140; baseline -0.002 -15"><span class='ocrx_word' id='word_1_326' title='bbox 326 4070 357 4125; x_wconf 82' lang='lat' dir='ltr'><strong><em>F</em></strong></span> <span class='ocrx_word' id='word_1_327' title='bbox 364 4087 398 4124; x_wconf 78' lang='grc'><strong>66</strong></span> <span class='ocrx_word' id='word_1_328' title='bbox 410 4072 539 4126; x_wconf 70' lang='grc'><strong>216666.</strong></span> <span class='ocrx_word' id='word_1_329' title='bbox 593 4070 632 4127; x_wconf 92' lang='lat'><strong>10</strong></span> <span class='ocrx_word' id='word_1_330' title='bbox 648 4069 777 4124; x_wconf 79' lang='lat' dir='ltr'><strong>Paulinus</strong></span> <span class='ocrx_word' id='word_1_331' title='bbox 788 4070 881 4140; x_wconf 79' lang='lat' dir='ltr'><strong>magni</strong></span> <span class='ocrx_word' id='word_1_332' title='bbox 892 4071 935 4125; x_wconf 89' lang='lat' dir='ltr'><strong>uir</strong></span> <span class='ocrx_word' id='word_1_333' title='bbox 950 4072 987 4126; x_wconf 87' lang='lat' dir='ltr'><strong>V:</strong></span> <span class='ocrx_word' id='word_1_334' title='bbox 1006 4072 1135 4127; x_wconf 76' lang='lat' dir='ltr'><strong>Paulinus</strong></span> <span class='ocrx_word' id='word_1_335' title='bbox 1151 4085 1213 4124; x_wconf 88' lang='lat' dir='ltr'><strong>uero</strong></span> <span class='ocrx_word' id='word_1_336' title='bbox 1225 4071 1267 4124; x_wconf 92' lang='lat' dir='ltr'><strong>uir</strong></span> <span class='ocrx_word' id='word_1_337' title='bbox 1278 4070 1370 4140; x_wconf 71' lang='lat' dir='ltr'><strong>magni</strong></span> <span class='ocrx_word' id='word_1_338' title='bbox 1381 4069 1455 4124; x_wconf 68' lang='lat' dir='ltr'><strong>nse</strong></span> 
     </span>
    </p>

    <p class='ocr_par' dir='ltr' id='par_1_11' title="bbox 325 4155 1552 4485">
     <span class='ocr_line' id='line_1_36' title="bbox 381 4155 1452 4226; baseline 0.001 -14"><span class='ocrx_word' id='word_1_339' title='bbox 381 4156 417 4212; x_wconf 80' lang='lat'><strong>12</strong></span> <span class='ocrx_word' id='word_1_340' title='bbox 429 4156 551 4226; x_wconf 83' lang='lat' dir='ltr'><strong>piricillo</strong></span> <span class='ocrx_word' id='word_1_341' title='bbox 563 4156 599 4220; x_wconf 89' lang='lat' dir='ltr'><strong>V,</strong></span> <span class='ocrx_word' id='word_1_342' title='bbox 611 4155 732 4226; x_wconf 87' lang='lat' dir='ltr'><strong>peniculo</strong></span> <span class='ocrx_word' id='word_1_343' title='bbox 744 4155 816 4210; x_wconf 72' lang='lat' dir='ltr'><strong>Aee</strong></span> <span class='ocrx_word' id='word_1_344' title='bbox 869 4155 907 4212; x_wconf 79' lang='lat'><strong>14</strong></span> <span class='ocrx_word' id='word_1_345' title='bbox 918 4158 1057 4213; x_wconf 76' lang='lat' dir='ltr'><strong>caenaculo</strong></span> <span class='ocrx_word' id='word_1_346' title='bbox 1065 4157 1104 4222; x_wconf 81' lang='lat' dir='ltr'><strong>F,</strong></span> <span class='ocrx_word' id='word_1_347' title='bbox 1117 4157 1288 4212; x_wconf 80' lang='grc'><strong>6666666166</strong></span> <span class='ocrx_word' id='word_1_348' title='bbox 1341 4156 1377 4213; x_wconf 82' lang='grc'><strong>15</strong></span> <span class='ocrx_word' id='word_1_349' title='bbox 1389 4171 1452 4224; x_wconf 73' lang='lat' dir='ltr'><strong>gru·</strong></span> 
     </span>
     <span class='ocr_line' id='line_1_37' title="bbox 326 4230 1447 4315; baseline -0.003 -18"><span class='ocrx_word' id='word_1_350' title='bbox 326 4241 374 4297; x_wconf 88' lang='lat' dir='ltr'><strong>dos</strong></span> <span class='ocrx_word' id='word_1_351' title='bbox 390 4241 451 4296; x_wconf 82' lang='lat' dir='ltr'><strong>Vet</strong></span> <span class='ocrx_word' id='word_1_352' title='bbox 458 4259 502 4312; x_wconf 81' lang='lat' dir='ltr'><strong>pr.</strong></span> <span class='ocrx_word' id='word_1_353' title='bbox 516 4259 549 4297; x_wconf 87' lang='lat' dir='ltr'><strong>m.</strong></span> <span class='ocrx_word' id='word_1_354' title='bbox 559 4243 590 4297; x_wconf 85' lang='lat' dir='ltr'><em>F</em></span> <span class='ocrx_word' id='word_1_355' title='bbox 657 4241 693 4298; x_wconf 88' lang='lat'><strong>16</strong></span> <span class='ocrx_word' id='word_1_356' title='bbox 711 4243 747 4310; x_wconf 86' lang='grc'><strong>61]</strong></span> <span class='ocrx_word' id='word_1_357' title='bbox 760 4257 806 4296; x_wconf 89' lang='grc'><strong>666</strong></span> <span class='ocrx_word' id='word_1_358' title='bbox 822 4230 864 4306; x_wconf 64' lang='lat' dir='ltr'><strong>V;&#39;</strong></span> <span class='ocrx_word' id='word_1_359' title='bbox 876 4259 915 4297; x_wconf 88' lang='grc'><strong>66</strong></span> <span class='ocrx_word' id='word_1_360' title='bbox 925 4259 973 4296; x_wconf 87' lang='lat' dir='ltr'><strong>neu</strong></span> <span class='ocrx_word' id='word_1_361' title='bbox 984 4243 1116 4298; x_wconf 77' lang='lat' dir='ltr'><strong>modicis?</strong></span> <span class='ocrx_word' id='word_1_362' title='bbox 1185 4243 1222 4299; x_wconf 83' lang='grc'><strong>17</strong></span> <span class='ocrx_word' id='word_1_363' title='bbox 1241 4239 1389 4315; x_wconf 86' lang='lat' dir='ltr'><strong>unguedine</strong></span> <span class='ocrx_word' id='word_1_364' title='bbox 1411 4239 1447 4295; x_wconf 85' lang='lat' dir='ltr'><strong>V:</strong></span> 
     </span>
     <span class='ocr_line' id='line_1_38' title="bbox 326 4317 1552 4398; baseline -0.002 -16"><span class='ocrx_word' id='word_1_365' title='bbox 326 4329 460 4398; x_wconf 87' lang='lat' dir='ltr'><strong>unguente</strong></span> <span class='ocrx_word' id='word_1_366' title='bbox 473 4329 545 4393; x_wconf 85' lang='grc' dir='ltr'><strong>ΒΜ,</strong></span> <span class='ocrx_word' id='word_1_367' title='bbox 563 4327 680 4397; x_wconf 78' lang='lat' dir='ltr'><strong>unguine</strong></span> <span class='ocrx_word' id='word_1_368' title='bbox 691 4327 764 4382; x_wconf 68' lang='lat' dir='ltr'><strong>Asc</strong></span> <span class='ocrx_word' id='word_1_369' title='bbox 816 4327 854 4384; x_wconf 89' lang='grc'><strong>18</strong></span> <span class='ocrx_word' id='word_1_370' title='bbox 866 4329 1024 4397; x_wconf 89' lang='lat' dir='ltr'><strong>superlinire</strong></span> <span class='ocrx_word' id='word_1_371' title='bbox 1041 4330 1138 4384; x_wconf 84' lang='lat' dir='ltr'><strong>liuorss</strong></span> <span class='ocrx_word' id='word_1_372' title='bbox 1149 4329 1248 4384; x_wconf 84' lang='lat' dir='ltr'><em>BMV:</em></span> <span class='ocrx_word' id='word_1_373' title='bbox 1259 4327 1378 4382; x_wconf 85' lang='lat' dir='ltr'><strong>membre</strong></span> <span class='ocrx_word' id='word_1_374' title='bbox 1389 4343 1450 4380; x_wconf 88' lang='lat' dir='ltr'><strong>con·</strong></span> <span class='ocrx_word' id='word_1_375' title='bbox 1548 4317 1552 4320; x_wconf 39' lang='lat'><strong>⁴</strong></span> 
     </span>
     <span class='ocr_line' id='line_1_39' title="bbox 325 4413 1454 4485; baseline 0.001 -18"><span class='ocrx_word' id='word_1_376' title='bbox 325 4414 431 4485; x_wconf 86' lang='lat' dir='ltr'><strong>tingere</strong></span> <span class='ocrx_word' id='word_1_377' title='bbox 456 4413 528 4468; x_wconf 66' lang='lat' dir='ltr'><strong>Asc</strong></span> <span class='ocrx_word' id='word_1_378' title='bbox 590 4413 627 4471; x_wconf 89' lang='grc'><strong>19</strong></span> <span class='ocrx_word' id='word_1_379' title='bbox 646 4413 691 4468; x_wconf 88' lang='lat' dir='ltr'><strong>sed</strong></span> <span class='ocrx_word' id='word_1_380' title='bbox 713 4413 812 4469; x_wconf 87' lang='lat' dir='ltr'><em>BMV:</em></span> <span class='ocrx_word' id='word_1_381' title='bbox 831 4414 876 4468; x_wconf 87' lang='lat' dir='ltr'><strong>sed</strong></span> <span class='ocrx_word' id='word_1_382' title='bbox 898 4416 962 4484; x_wconf 83' lang='lat' dir='ltr'><strong>quie</strong></span> <span class='ocrx_word' id='word_1_383' title='bbox 986 4415 1058 4471; x_wconf 82' lang='lat' dir='ltr'><strong>AFc</strong></span> <span class='ocrx_word' id='word_1_384' title='bbox 1114 4417 1150 4473; x_wconf 76' lang='lat'><strong>21</strong></span> <span class='ocrx_word' id='word_1_385' title='bbox 1170 4413 1398 4472; x_wconf 86' lang='lat' dir='ltr'><strong>excellentioribus</strong></span> <span class='ocrx_word' id='word_1_386' title='bbox 1420 4413 1454 4468; x_wconf 77' lang='lat'><strong>1¹¹</strong></span> 
     </span>
    </p>

    <p class='ocr_par' dir='ltr' id='par_1_12' title="bbox 376 4499 1030 4578">
     <span class='ocr_line' id='line_1_40' title="bbox 376 4499 1030 4578; baseline -0.003 -20"><span class='ocrx_word' id='word_1_387' title='bbox 376 4499 415 4558; x_wconf 80' lang='lat'><strong>23</strong></span> <span class='ocrx_word' id='word_1_388' title='bbox 432 4499 552 4554; x_wconf 72' lang='lat' dir='ltr'><strong>inieram*</strong></span> <span class='ocrx_word' id='word_1_389' title='bbox 565 4500 595 4554; x_wconf 85' lang='lat' dir='ltr'><strong><em>F</em></strong></span> <span class='ocrx_word' id='word_1_390' title='bbox 604 4500 663 4568; x_wconf 80' lang='lat' dir='ltr'><strong>(sed</strong></span> <span class='ocrx_word' id='word_1_391' title='bbox 674 4500 787 4570; x_wconf 71' lang='grc'><strong>6166616</strong></span> <span class='ocrx_word' id='word_1_392' title='bbox 797 4501 911 4556; x_wconf 57' lang='lat' dir='ltr'><strong>uidete</strong></span> <span class='ocrx_word' id='word_1_393' title='bbox 922 4517 941 4555; x_wconf 88' lang='grc'><strong>6</strong></span> <span class='ocrx_word' id='word_1_394' title='bbox 951 4501 971 4556; x_wconf 70' lang='lat'><em>2</em></span> <span class='ocrx_word' id='word_1_395' title='bbox 982 4502 1030 4578; x_wconf 73' lang='grc'><strong>66)</strong></span> 
     </span>
    </p>
   </div>
   <div class='ocr_carea' id='block_1_4' title="bbox 0 0 1654 5142">
    <p class='ocr_par' dir='ltr' id='par_1_13' title="bbox 0 0 1654 5142">
     <span class='ocr_line' id='line_1_41' title="bbox 0 0 1654 5142; baseline 0 3"><span class='ocrx_word' id='word_1_396' title='bbox 0 0 1654 5142; x_wconf 95' lang='lat' dir='ltr'><strong> </strong></span> 
     </span>
    </p>
   </div>
  </div>
 </body>
</html>
