<?xml version="1.0" encoding="UTF-8"?>
<!DOCTYPE html PUBLIC "-//W3C//DTD XHTML 1.0 Transitional//EN"
    "http://www.w3.org/TR/xhtml1/DTD/xhtml1-transitional.dtd">
<html xmlns="http://www.w3.org/1999/xhtml" xml:lang="en" lang="en">
 <head>
  <title>
</title>
<meta http-equiv="Content-Type" content="text/html;charset=utf-8" />
  <meta name='ocr-system' content='tesseract 3.04.00' />
  <meta name='ocr-capabilities' content='ocr_page ocr_carea ocr_par ocr_line ocrx_word'/>
</head>
<body>
  <div class='ocr_page' id='page_1' title='image "./corpusscriptoru12wissgoog_0225.png"; bbox 0 0 3300 5142; ppageno 0'>
   <div class='ocr_carea' id='block_1_1' title="bbox 555 531 1319 604">
    <p class='ocr_par' dir='ltr' id='par_1_1' title="bbox 555 531 1319 604">
     <span class='ocr_line' id='line_1_1' title="bbox 555 531 1319 604; baseline -0.007 -14"><span class='ocrx_word' id='word_1_1' title='bbox 555 534 719 604; x_wconf 74' lang='lat' dir='ltr'><strong>Dialogus</strong></span> <span class='ocrx_word' id='word_1_2' title='bbox 735 533 765 588; x_wconf 93' lang='lat'>11</span> <span class='ocrx_word' id='word_1_3' title='bbox 781 533 847 602; x_wconf 83' lang='grc' dir='ltr'>(ΠΙ)</span> <span class='ocrx_word' id='word_1_4' title='bbox 864 531 964 590; x_wconf 88' lang='grc'>8-10.</span> <span class='ocrx_word' id='word_1_5' title='bbox 1256 535 1319 600; x_wconf 76' lang='lat'>207</span> 
     </span>
    </p>
   </div>
   <div class='ocr_carea' id='block_1_2' title="bbox 197 687 1321 880">
    <p class='ocr_par' dir='ltr' id='par_1_2' title="bbox 197 687 1321 880">
     <span class='ocr_line' id='line_1_2' title="bbox 197 687 1321 775; baseline -0.005 -15"><span class='ocrx_word' id='word_1_6' title='bbox 197 694 316 760; x_wconf 88' lang='lat' dir='ltr'>certum</span> <span class='ocrx_word' id='word_1_7' title='bbox 330 694 378 758; x_wconf 86' lang='lat' dir='ltr'>ost</span> <span class='ocrx_word' id='word_1_8' title='bbox 392 691 522 775; x_wconf 85' lang='lat' dir='ltr'>parilem</span> <span class='ocrx_word' id='word_1_9' title='bbox 535 689 760 774; x_wconf 86' lang='lat' dir='ltr'>quodammodo</span> <span class='ocrx_word' id='word_1_10' title='bbox 774 687 950 754; x_wconf 91' lang='lat' dir='ltr'>columnam</span> <span class='ocrx_word' id='word_1_11' title='bbox 969 705 1055 754; x_wconf 88' lang='lat' dir='ltr'>ruore</span> <span class='ocrx_word' id='word_1_12' title='bbox 1070 687 1108 753; x_wconf 89' lang='lat' dir='ltr'>de</span> <span class='ocrx_word' id='word_1_13' title='bbox 1122 687 1220 766; x_wconf 88' lang='lat' dir='ltr'>caelo,</span> <span class='ocrx_word' id='word_1_14' title='bbox 1243 705 1321 771; x_wconf 85' lang='lat' dir='ltr'>quae</span> 
     </span>
     <span class='ocr_line' id='line_1_3' title="bbox 198 790 1321 880; baseline -0.005 -18"><span class='ocrx_word' id='word_1_15' title='bbox 198 796 320 880; x_wconf 86' lang='lat' dir='ltr'>inpacta</span> <span class='ocrx_word' id='word_1_16' title='bbox 334 795 417 861; x_wconf 93' lang='lat' dir='ltr'>idolo</span> <span class='ocrx_word' id='word_1_17' title='bbox 431 795 531 859; x_wconf 85' lang='lat' dir='ltr'>totam</span> <span class='ocrx_word' id='word_1_18' title='bbox 545 793 633 858; x_wconf 88' lang='lat' dir='ltr'>illam</span> <span class='ocrx_word' id='word_1_19' title='bbox 650 791 918 876; x_wconf 78' lang='lat' dir='ltr'>inexpugnabilem</span> <span class='ocrx_word' id='word_1_20' title='bbox 938 790 1051 857; x_wconf 91' lang='lat' dir='ltr'>molem</span> <span class='ocrx_word' id='word_1_21' title='bbox 1074 791 1168 858; x_wconf 90' lang='lat' dir='ltr'>soluit</span> <span class='ocrx_word' id='word_1_22' title='bbox 1192 791 1225 856; x_wconf 94' lang='lat' dir='ltr'>in</span> <span class='ocrx_word' id='word_1_23' title='bbox 1249 792 1321 874; x_wconf 91' lang='lat' dir='ltr'>pul·</span> 
     </span>
    </p>
   </div>
   <div class='ocr_carea' id='block_1_3' title="bbox 167 893 1378 3445">
    <p class='ocr_par' dir='ltr' id='par_1_3' title="bbox 177 893 1322 1172">
     <span class='ocr_line' id='line_1_4' title="bbox 199 893 1319 981; baseline -0.006 -17"><span class='ocrx_word' id='word_1_24' title='bbox 199 917 317 969; x_wconf 85' lang='lat' dir='ltr'>uorem:</span> <span class='ocrx_word' id='word_1_25' title='bbox 340 916 451 981; x_wconf 89' lang='lat' dir='ltr'>parum</span> <span class='ocrx_word' id='word_1_26' title='bbox 470 895 607 974; x_wconf 89' lang='lat' dir='ltr'>scilicet,</span> <span class='ocrx_word' id='word_1_27' title='bbox 629 895 657 960; x_wconf 90' lang='lat' dir='ltr'>si</span> <span class='ocrx_word' id='word_1_28' title='bbox 671 893 872 960; x_wconf 88' lang='lat' dir='ltr'>inuisibiliter</span> <span class='ocrx_word' id='word_1_29' title='bbox 892 893 968 960; x_wconf 87' lang='lat' dir='ltr'>caeli</span> <span class='ocrx_word' id='word_1_30' title='bbox 983 893 1152 960; x_wconf 86' lang='lat' dir='ltr'>uirtutibus</span> <span class='ocrx_word' id='word_1_31' title='bbox 1174 895 1319 972; x_wconf 86' lang='lat' dir='ltr'>uteretur,</span> 
     </span>
     <span class='ocr_line' id='line_1_5' title="bbox 198 997 1322 1084; baseline -0.005 -17"><span class='ocrx_word' id='word_1_32' title='bbox 198 1002 260 1068; x_wconf 91' lang='lat' dir='ltr'>nisi</span> <span class='ocrx_word' id='word_1_33' title='bbox 273 1003 358 1084; x_wconf 89' lang='lat' dir='ltr'>ipsae</span> <span class='ocrx_word' id='word_1_34' title='bbox 370 1000 505 1066; x_wconf 85' lang='lat' dir='ltr'>uirtutes</span> <span class='ocrx_word' id='word_1_35' title='bbox 518 998 685 1064; x_wconf 84' lang='lat' dir='ltr'>risibiliter</span> <span class='ocrx_word' id='word_1_36' title='bbox 698 997 814 1064; x_wconf 88' lang='lat' dir='ltr'>seruire</span> <span class='ocrx_word' id='word_1_37' title='bbox 834 997 968 1063; x_wconf 87' lang='lat' dir='ltr'>Martino</span> <span class='ocrx_word' id='word_1_38' title='bbox 988 997 1131 1064; x_wconf 89' lang='lat' dir='ltr'>humanis</span> <span class='ocrx_word' id='word_1_39' title='bbox 1146 997 1242 1063; x_wconf 88' lang='lat' dir='ltr'>oculis</span> <span class='ocrx_word' id='word_1_40' title='bbox 1257 1015 1322 1064; x_wconf 89' lang='lat' dir='ltr'>cer·</span> 
     </span>
     <span class='ocr_line' id='line_1_6' title="bbox 177 1104 351 1172; baseline 0.023 -8"><span class='ocrx_word' id='word_1_41' title='bbox 177 1104 351 1172; x_wconf 65' lang='lat' dir='ltr'>tuerentur.</span> 
     </span>
    </p>

    <p class='ocr_par' dir='ltr' id='par_1_4' title="bbox 200 1201 1351 1581">
     <span class='ocr_line' id='line_1_7' title="bbox 241 1201 1351 1293; baseline -0.004 -21"><span class='ocrx_word' id='word_1_42' title='bbox 241 1207 329 1293; x_wconf 88' lang='lat' dir='ltr'>Idem</span> <span class='ocrx_word' id='word_1_43' title='bbox 356 1205 461 1272; x_wconf 85' lang='lat' dir='ltr'>autem</span> <span class='ocrx_word' id='word_1_44' title='bbox 485 1203 674 1290; x_wconf 79' lang='lat' dir='ltr'>Refrigerius</span> <span class='ocrx_word' id='word_1_45' title='bbox 698 1203 778 1269; x_wconf 91' lang='lat' dir='ltr'>mibi</span> <span class='ocrx_word' id='word_1_46' title='bbox 802 1203 892 1268; x_wconf 87' lang='lat' dir='ltr'>testis</span> <span class='ocrx_word' id='word_1_47' title='bbox 913 1203 975 1282; x_wconf 85' lang='lat' dir='ltr'>eat,</span> <span class='ocrx_word' id='word_1_48' title='bbox 998 1202 1160 1268; x_wconf 86' lang='lat' dir='ltr'>mulierem</span> <span class='ocrx_word' id='word_1_49' title='bbox 1174 1201 1351 1287; x_wconf 73' lang='lat' dir='ltr'>profluuioe</span> 
     </span>
     <span class='ocr_line' id='line_1_8' title="bbox 200 1304 1324 1394; baseline -0.003 -19"><span class='ocrx_word' id='word_1_50' title='bbox 200 1308 359 1394; x_wconf 80' lang='lat' dir='ltr'>sanguinis</span> <span class='ocrx_word' id='word_1_51' title='bbox 384 1307 590 1385; x_wconf 68' lang='lat' dir='ltr'><strong>laborantem,</strong></span> <span class='ocrx_word' id='word_1_52' title='bbox 624 1325 695 1373; x_wconf 92' lang='lat' dir='ltr'>cum</span> <span class='ocrx_word' id='word_1_53' title='bbox 721 1305 849 1372; x_wconf 86' lang='lat' dir='ltr'>Martini</span> <span class='ocrx_word' id='word_1_54' title='bbox 879 1307 998 1373; x_wconf 87' lang='lat' dir='ltr'>uestem</span> <span class='ocrx_word' id='word_1_55' title='bbox 1023 1304 1160 1388; x_wconf 87' lang='lat' dir='ltr'>exemplo</span> <span class='ocrx_word' id='word_1_56' title='bbox 1185 1304 1324 1372; x_wconf 87' lang='lat' dir='ltr'>mulieris</span> 
     </span>
     <span class='ocr_line' id='line_1_9' title="bbox 200 1407 1325 1496; baseline -0.004 -18"><span class='ocrx_word' id='word_1_57' title='bbox 200 1413 286 1478; x_wconf 90' lang='lat' dir='ltr'>illius</span> <span class='ocrx_word' id='word_1_58' title='bbox 315 1410 508 1496; x_wconf 87' lang='lat' dir='ltr'>euangelicae</span> <span class='ocrx_word' id='word_1_59' title='bbox 545 1409 745 1494; x_wconf 88' lang='lat' dir='ltr'>contigisset,</span> <span class='ocrx_word' id='word_1_60' title='bbox 784 1409 842 1474; x_wconf 86' lang='lat' dir='ltr'>sub</span> <span class='ocrx_word' id='word_1_61' title='bbox 871 1409 1025 1476; x_wconf 88' lang='lat' dir='ltr'>momento</span> <span class='ocrx_word' id='word_1_62' title='bbox 1053 1407 1200 1492; x_wconf 85' lang='lat' dir='ltr'>temporis</span> <span class='ocrx_word' id='word_1_63' title='bbox 1230 1407 1325 1474; x_wconf 84' lang='lat' dir='ltr'>tuisse</span> 
     </span>
     <span class='ocr_line' id='line_1_10' title="bbox 200 1516 350 1581; baseline -0.007 0"><span class='ocrx_word' id='word_1_64' title='bbox 200 1516 350 1581; x_wconf 77' lang='lat' dir='ltr'>muctam.</span> 
     </span>
    </p>

    <p class='ocr_par' dir='ltr' id='par_1_5' title="bbox 167 1613 1355 2200">
     <span class='ocr_line' id='line_1_11' title="bbox 167 1613 1355 1705; baseline -0.002 -20"><span class='ocrx_word' id='word_1_65' title='bbox 167 1645 194 1685; x_wconf 78' lang='lat' dir='ltr'>ro</span> <span class='ocrx_word' id='word_1_66' title='bbox 244 1617 374 1699; x_wconf 82' lang='lat' dir='ltr'>Serpeum</span> <span class='ocrx_word' id='word_1_67' title='bbox 387 1615 503 1682; x_wconf 89' lang='lat' dir='ltr'>flumen</span> <span class='ocrx_word' id='word_1_68' title='bbox 527 1632 632 1682; x_wconf 87' lang='lat' dir='ltr'>secans</span> <span class='ocrx_word' id='word_1_69' title='bbox 654 1614 688 1679; x_wconf 95' lang='lat' dir='ltr'>in</span> <span class='ocrx_word' id='word_1_70' title='bbox 709 1613 825 1697; x_wconf 80' lang='lat' dir='ltr'>ripam,</span> <span class='ocrx_word' id='word_1_71' title='bbox 842 1613 951 1696; x_wconf 91' lang='lat' dir='ltr'>inqua</span> <span class='ocrx_word' id='word_1_72' title='bbox 965 1615 1214 1705; x_wconf 75' lang='lat' dir='ltr'>constiteramus,</span> <span class='ocrx_word' id='word_1_73' title='bbox 1229 1615 1355 1683; x_wconf 86' lang='lat' dir='ltr'>adua-4</span> 
     </span>
     <span class='ocr_line' id='line_1_12' title="bbox 201 1715 1327 1800; baseline 0.001 -15"><span class='ocrx_word' id='word_1_74' title='bbox 201 1721 271 1786; x_wconf 90' lang='lat' dir='ltr'>bat:</span> <span class='ocrx_word' id='word_1_75' title='bbox 293 1720 327 1785; x_wconf 89' lang='lat' dir='ltr'>in</span> <span class='ocrx_word' id='word_1_76' title='bbox 340 1718 480 1796; x_wconf 92' lang='lat' dir='ltr'>nomine,</span> <span class='ocrx_word' id='word_1_77' title='bbox 502 1717 618 1800; x_wconf 91' lang='lat' dir='ltr'>inquit,</span> <span class='ocrx_word' id='word_1_78' title='bbox 641 1715 768 1782; x_wconf 86' lang='lat' dir='ltr'>Domini</span> <span class='ocrx_word' id='word_1_79' title='bbox 793 1717 883 1783; x_wconf 90' lang='lat' dir='ltr'>iubeo</span> <span class='ocrx_word' id='word_1_80' title='bbox 909 1717 941 1782; x_wconf 92' lang='lat' dir='ltr'>te</span> <span class='ocrx_word' id='word_1_81' title='bbox 961 1717 1069 1784; x_wconf 89' lang='lat' dir='ltr'>redire.</span> <span class='ocrx_word' id='word_1_82' title='bbox 1093 1735 1163 1784; x_wconf 84' lang='lat' dir='ltr'>mor</span> <span class='ocrx_word' id='word_1_83' title='bbox 1187 1735 1219 1783; x_wconf 89' lang='lat' dir='ltr'>se</span> <span class='ocrx_word' id='word_1_84' title='bbox 1244 1719 1327 1786; x_wconf 90' lang='lat' dir='ltr'>mala</span> 
     </span>
     <span class='ocr_line' id='line_1_13' title="bbox 202 1819 1326 1903; baseline -0.001 -14"><span class='ocrx_word' id='word_1_85' title='bbox 202 1823 301 1889; x_wconf 91' lang='lat' dir='ltr'>bestia</span> <span class='ocrx_word' id='word_1_86' title='bbox 320 1821 360 1888; x_wconf 91' lang='lat' dir='ltr'>ad</span> <span class='ocrx_word' id='word_1_87' title='bbox 382 1820 511 1888; x_wconf 89' lang='lat' dir='ltr'>uerbum</span> <span class='ocrx_word' id='word_1_88' title='bbox 525 1820 624 1886; x_wconf 91' lang='lat' dir='ltr'>sancti</span> <span class='ocrx_word' id='word_1_89' title='bbox 638 1819 762 1886; x_wconf 78' lang='lat' dir='ltr'>retorsit</span> <span class='ocrx_word' id='word_1_90' title='bbox 775 1819 808 1884; x_wconf 92' lang='lat' dir='ltr'>et</span> <span class='ocrx_word' id='word_1_91' title='bbox 821 1820 855 1885; x_wconf 93' lang='lat' dir='ltr'>in</span> <span class='ocrx_word' id='word_1_92' title='bbox 869 1819 1046 1886; x_wconf 77' lang='lat' dir='ltr'>ulteriorem</span> <span class='ocrx_word' id='word_1_93' title='bbox 1061 1821 1161 1903; x_wconf 82' lang='lat' dir='ltr'>ripam</span> <span class='ocrx_word' id='word_1_94' title='bbox 1175 1821 1262 1888; x_wconf 91' lang='lat' dir='ltr'>nobis</span> <span class='ocrx_word' id='word_1_95' title='bbox 1277 1822 1326 1888; x_wconf 91' lang='lat' dir='ltr'>in·</span> 
     </span>
     <span class='ocr_line' id='line_1_14' title="bbox 202 1922 1326 2009; baseline -0.002 -19"><span class='ocrx_word' id='word_1_96' title='bbox 202 1925 411 2009; x_wconf 86' lang='lat' dir='ltr'>spectantibus</span> <span class='ocrx_word' id='word_1_97' title='bbox 432 1923 644 1990; x_wconf 79' lang='lat' dir='ltr'>transmearit.</span> <span class='ocrx_word' id='word_1_98' title='bbox 667 1922 749 2006; x_wconf 90' lang='lat' dir='ltr'>quod</span> <span class='ocrx_word' id='word_1_99' title='bbox 775 1941 847 1990; x_wconf 90' lang='lat' dir='ltr'>oum</span> <span class='ocrx_word' id='word_1_100' title='bbox 875 1940 978 1988; x_wconf 86' lang='lat' dir='ltr'>omncs</span> <span class='ocrx_word' id='word_1_101' title='bbox 1003 1941 1063 1988; x_wconf 93' lang='lat' dir='ltr'>non</span> <span class='ocrx_word' id='word_1_102' title='bbox 1089 1924 1153 1988; x_wconf 90' lang='lat' dir='ltr'>sine</span> <span class='ocrx_word' id='word_1_103' title='bbox 1179 1924 1326 1990; x_wconf 74' lang='lat' dir='ltr'>mmaoulo</span> 
     </span>
     <span class='ocr_line' id='line_1_15' title="bbox 203 2025 1327 2111; baseline -0.002 -17"><span class='ocrx_word' id='word_1_104' title='bbox 203 2046 408 2106; x_wconf 89' lang='lat' dir='ltr'>oemeromus,</span> <span class='ocrx_word' id='word_1_105' title='bbox 430 2026 526 2092; x_wconf 87' lang='lat' dir='ltr'>altius</span> <span class='ocrx_word' id='word_1_106' title='bbox 539 2025 747 2111; x_wconf 84' lang='lat' dir='ltr'>ingemescens</span> <span class='ocrx_word' id='word_1_107' title='bbox 762 2027 822 2092; x_wconf 89' lang='lat' dir='ltr'>ait:</span> <span class='ocrx_word' id='word_1_108' title='bbox 839 2026 991 2109; x_wconf 81' lang='lat' dir='ltr'>serpentes</span> <span class='ocrx_word' id='word_1_109' title='bbox 1005 2043 1056 2090; x_wconf 92' lang='lat' dir='ltr'>me</span> <span class='ocrx_word' id='word_1_110' title='bbox 1071 2026 1210 2106; x_wconf 85' lang='lat' dir='ltr'>audiunt,</span> <span class='ocrx_word' id='word_1_111' title='bbox 1226 2028 1257 2092; x_wconf 86' lang='lat' dir='ltr'>et</span> <span class='ocrx_word' id='word_1_112' title='bbox 1271 2027 1327 2092; x_wconf 90' lang='lat' dir='ltr'>bo·</span> 
     </span>
     <span class='ocr_line' id='line_1_16' title="bbox 169 2129 529 2200; baseline -0.019 0"><span class='ocrx_word' id='word_1_113' title='bbox 169 2160 193 2200; x_wconf 66' lang='grc' dir='ltr'>ιι</span> <span class='ocrx_word' id='word_1_114' title='bbox 202 2131 301 2196; x_wconf 90' lang='lat' dir='ltr'>mines</span> <span class='ocrx_word' id='word_1_115' title='bbox 315 2147 376 2196; x_wconf 91' lang='lat' dir='ltr'>non</span> <span class='ocrx_word' id='word_1_116' title='bbox 389 2129 529 2195; x_wconf 86' lang='lat' dir='ltr'>audiunt.</span> 
     </span>
    </p>

    <p class='ocr_par' dir='ltr' id='par_1_6' title="bbox 204 2230 1378 2627">
     <span class='ocr_line' id='line_1_17' title="bbox 245 2230 1378 2316; baseline -0.004 -16"><span class='ocrx_word' id='word_1_117' title='bbox 245 2233 367 2300; x_wconf 88' lang='lat' dir='ltr'>Piscem</span> <span class='ocrx_word' id='word_1_118' title='bbox 382 2231 518 2298; x_wconf 87' lang='lat' dir='ltr'>Paschae</span> <span class='ocrx_word' id='word_1_119' title='bbox 532 2230 641 2297; x_wconf 88' lang='lat' dir='ltr'>diebus</span> <span class='ocrx_word' id='word_1_120' title='bbox 655 2231 743 2297; x_wconf 90' lang='lat' dir='ltr'>edere</span> <span class='ocrx_word' id='word_1_121' title='bbox 757 2233 918 2298; x_wconf 84' lang='lat' dir='ltr'>consuetus</span> <span class='ocrx_word' id='word_1_122' title='bbox 929 2233 1020 2316; x_wconf 85' lang='lat' dir='ltr'>paulo</span> <span class='ocrx_word' id='word_1_123' title='bbox 1031 2234 1102 2299; x_wconf 89' lang='lat' dir='ltr'>ante</span> <span class='ocrx_word' id='word_1_124' title='bbox 1113 2233 1221 2298; x_wconf 92' lang='lat' dir='ltr'>horam</span> <span class='ocrx_word' id='word_1_125' title='bbox 1232 2232 1327 2298; x_wconf 83' lang='lat' dir='ltr'>refoe-</span> <span class='ocrx_word' id='word_1_126' title='bbox 1340 2233 1378 2296; x_wconf 75' lang='lat' dir='ltr'>lt</span> 
     </span>
     <span class='ocr_line' id='line_1_18' title="bbox 204 2333 1357 2419; baseline -0.001 -16"><span class='ocrx_word' id='word_1_127' title='bbox 204 2336 297 2403; x_wconf 88' lang='lat' dir='ltr'>tionis</span> <span class='ocrx_word' id='word_1_128' title='bbox 322 2334 507 2419; x_wconf 85' lang='lat' dir='ltr'>interrogat,</span> <span class='ocrx_word' id='word_1_129' title='bbox 530 2352 569 2399; x_wconf 92' lang='lat' dir='ltr'>an</span> <span class='ocrx_word' id='word_1_130' title='bbox 593 2333 756 2400; x_wconf 85' lang='lat' dir='ltr'>haberetur</span> <span class='ocrx_word' id='word_1_131' title='bbox 777 2335 810 2400; x_wconf 93' lang='lat' dir='ltr'>in</span> <span class='ocrx_word' id='word_1_132' title='bbox 823 2336 978 2418; x_wconf 89' lang='lat' dir='ltr'>promptu.</span> <span class='ocrx_word' id='word_1_133' title='bbox 1001 2337 1070 2401; x_wconf 88' lang='lat' dir='ltr'>tum</span> <span class='ocrx_word' id='word_1_134' title='bbox 1085 2335 1158 2401; x_wconf 83' lang='lat' dir='ltr'>(lato</span> <span class='ocrx_word' id='word_1_135' title='bbox 1173 2335 1357 2414; x_wconf 76' lang='lat' dir='ltr'>diaconusa</span> 
     </span>
     <span class='ocr_line' id='line_1_19' title="bbox 205 2437 1328 2522; baseline -0.001 -17"><span class='ocrx_word' id='word_1_136' title='bbox 205 2439 244 2505; x_wconf 93' lang='lat' dir='ltr'>ad</span> <span class='ocrx_word' id='word_1_137' title='bbox 258 2457 351 2522; x_wconf 86' lang='lat' dir='ltr'>quem</span> <span class='ocrx_word' id='word_1_138' title='bbox 366 2437 544 2502; x_wconf 88' lang='lat' dir='ltr'>monasterii</span> <span class='ocrx_word' id='word_1_139' title='bbox 558 2437 784 2504; x_wconf 81' lang='lat' dir='ltr'>administratio</span> <span class='ocrx_word' id='word_1_140' title='bbox 798 2438 985 2522; x_wconf 84' lang='lat' dir='ltr'>pertinebat,</span> <span class='ocrx_word' id='word_1_141' title='bbox 1008 2439 1114 2504; x_wconf 91' lang='lat' dir='ltr'>doctus</span> <span class='ocrx_word' id='word_1_142' title='bbox 1129 2438 1193 2521; x_wconf 87' lang='lat' dir='ltr'>ipse</span> <span class='ocrx_word' id='word_1_143' title='bbox 1207 2437 1328 2521; x_wconf 87' lang='lat' dir='ltr'>piscari,</span> 
     </span>
     <span class='ocr_line' id='line_1_20' title="bbox 204 2540 1329 2627; baseline 0 -21"><span class='ocrx_word' id='word_1_144' title='bbox 204 2543 298 2627; x_wconf 88' lang='lat' dir='ltr'>negat</span> <span class='ocrx_word' id='word_1_145' title='bbox 322 2558 375 2624; x_wconf 91' lang='lat' dir='ltr'>por</span> <span class='ocrx_word' id='word_1_146' title='bbox 399 2541 503 2606; x_wconf 89' lang='lat' dir='ltr'>totum</span> <span class='ocrx_word' id='word_1_147' title='bbox 528 2540 610 2606; x_wconf 91' lang='lat' dir='ltr'>diem</span> <span class='ocrx_word' id='word_1_148' title='bbox 634 2540 695 2606; x_wconf 89' lang='lat' dir='ltr'>sibi</span> <span class='ocrx_word' id='word_1_149' title='bbox 720 2541 815 2606; x_wconf 87' lang='lat' dir='ltr'>ullam</span> <span class='ocrx_word' id='word_1_150' title='bbox 833 2541 958 2608; x_wconf 73' lang='lat' dir='ltr'>comissa</span> <span class='ocrx_word' id='word_1_151' title='bbox 972 2542 1143 2625; x_wconf 86' lang='lat' dir='ltr'>capturam,</span> <span class='ocrx_word' id='word_1_152' title='bbox 1166 2541 1219 2607; x_wconf 87' lang='lat' dir='ltr'>sed</span> <span class='ocrx_word' id='word_1_153' title='bbox 1233 2559 1329 2624; x_wconf 88' lang='lat' dir='ltr'>neque</span> 
     </span>
    </p>

    <p class='ocr_par' dir='ltr' id='par_1_7' title="bbox 171 2643 1358 3138">
     <span class='ocr_line' id='line_1_21' title="bbox 171 2643 1328 2730; baseline -0.002 -19"><span class='ocrx_word' id='word_1_154' title='bbox 171 2644 282 2713; x_wconf 72' lang='lat' dir='ltr'>aelios</span> <span class='ocrx_word' id='word_1_155' title='bbox 296 2643 475 2726; x_wconf 87' lang='lat' dir='ltr'>piscatores,</span> <span class='ocrx_word' id='word_1_156' title='bbox 497 2643 551 2726; x_wconf 91' lang='lat' dir='ltr'>qui</span> <span class='ocrx_word' id='word_1_157' title='bbox 566 2643 695 2708; x_wconf 90' lang='lat' dir='ltr'>uendere</span> <span class='ocrx_word' id='word_1_158' title='bbox 709 2644 863 2724; x_wconf 86' lang='lat' dir='ltr'>solebant,</span> <span class='ocrx_word' id='word_1_159' title='bbox 887 2645 1050 2728; x_wconf 88' lang='lat' dir='ltr'>quicquam</span> <span class='ocrx_word' id='word_1_160' title='bbox 1075 2663 1164 2730; x_wconf 86' lang='lat' dir='ltr'>agere</span> <span class='ocrx_word' id='word_1_161' title='bbox 1184 2644 1328 2728; x_wconf 89' lang='lat' dir='ltr'>quiuisse.</span> 
     </span>
     <span class='ocr_line' id='line_1_22' title="bbox 205 2745 1358 2832; baseline 0.001 -19"><span class='ocrx_word' id='word_1_162' title='bbox 205 2747 299 2827; x_wconf 86' lang='lat' dir='ltr'>uado,</span> <span class='ocrx_word' id='word_1_163' title='bbox 321 2746 438 2829; x_wconf 90' lang='lat' dir='ltr'>inquit,</span> <span class='ocrx_word' id='word_1_164' title='bbox 460 2745 552 2810; x_wconf 85' lang='lat' dir='ltr'>mitte</span> <span class='ocrx_word' id='word_1_165' title='bbox 570 2745 670 2811; x_wconf 90' lang='lat' dir='ltr'>linum</span> <span class='ocrx_word' id='word_1_166' title='bbox 692 2747 798 2826; x_wconf 91' lang='lat' dir='ltr'>tuum,</span> <span class='ocrx_word' id='word_1_167' title='bbox 820 2749 947 2830; x_wconf 85' lang='lat' dir='ltr'>captura</span> <span class='ocrx_word' id='word_1_168' title='bbox 961 2747 1127 2830; x_wconf 82' lang='lat' dir='ltr'>proueniat.</span> <span class='ocrx_word' id='word_1_169' title='bbox 1150 2747 1358 2832; x_wconf 82' lang='lat' dir='ltr'>contiguum3</span> 
     </span>
     <span class='ocr_line' id='line_1_23' title="bbox 206 2847 1329 2933; baseline -0.001 -18"><span class='ocrx_word' id='word_1_170' title='bbox 206 2849 345 2928; x_wconf 89' lang='lat' dir='ltr'>flumini,</span> <span class='ocrx_word' id='word_1_171' title='bbox 368 2849 405 2914; x_wconf 93' lang='lat' dir='ltr'>ut</span> <span class='ocrx_word' id='word_1_172' title='bbox 429 2847 584 2930; x_wconf 77' lang='lat' dir='ltr'>Sulpicius</span> <span class='ocrx_word' id='word_1_173' title='bbox 608 2849 668 2914; x_wconf 89' lang='lat' dir='ltr'>iste</span> <span class='ocrx_word' id='word_1_174' title='bbox 692 2849 869 2933; x_wconf 74' lang='lat' dir='ltr'>desumpsit,</span> <span class='ocrx_word' id='word_1_175' title='bbox 897 2849 1084 2916; x_wconf 87' lang='lat' dir='ltr'>habebamus</span> <span class='ocrx_word' id='word_1_176' title='bbox 1109 2848 1329 2916; x_wconf 86' lang='lat' dir='ltr'>babitaculum.</span> 
     </span>
     <span class='ocr_line' id='line_1_24' title="bbox 205 2949 1331 3037; baseline -0.002 -19"><span class='ocrx_word' id='word_1_177' title='bbox 205 2951 407 3037; x_wconf 89' lang='lat' dir='ltr'>processimus</span> <span class='ocrx_word' id='word_1_178' title='bbox 421 2951 540 3028; x_wconf 84' lang='lat' dir='ltr'>cuncti,</span> <span class='ocrx_word' id='word_1_179' title='bbox 555 2951 661 3034; x_wconf 87' lang='lat' dir='ltr'>utpote</span> <span class='ocrx_word' id='word_1_180' title='bbox 675 2949 794 3016; x_wconf 89' lang='lat' dir='ltr'>feriatis</span> <span class='ocrx_word' id='word_1_181' title='bbox 808 2952 932 3030; x_wconf 90' lang='lat' dir='ltr'>diebus,</span> <span class='ocrx_word' id='word_1_182' title='bbox 948 2953 1050 3018; x_wconf 92' lang='lat' dir='ltr'>uidere</span> <span class='ocrx_word' id='word_1_183' title='bbox 1064 2953 1248 3035; x_wconf 75' lang='lat' dir='ltr'>piscantem,</span> <span class='ocrx_word' id='word_1_184' title='bbox 1264 2969 1331 3016; x_wconf 92' lang='lat' dir='ltr'>om·</span> 
     </span>
     <span class='ocr_line' id='line_1_25' title="bbox 206 3053 1332 3138; baseline -0.002 -16"><span class='ocrx_word' id='word_1_185' title='bbox 206 3055 294 3122; x_wconf 91' lang='lat' dir='ltr'>nium</span> <span class='ocrx_word' id='word_1_186' title='bbox 319 3055 430 3138; x_wconf 88' lang='lat' dir='ltr'>spebus</span> <span class='ocrx_word' id='word_1_187' title='bbox 455 3054 598 3133; x_wconf 88' lang='lat' dir='ltr'>intentis,</span> <span class='ocrx_word' id='word_1_188' title='bbox 620 3072 680 3121; x_wconf 92' lang='lat' dir='ltr'>non</span> <span class='ocrx_word' id='word_1_189' title='bbox 706 3055 824 3120; x_wconf 82' lang='lat' dir='ltr'>incussa</span> <span class='ocrx_word' id='word_1_190' title='bbox 849 3053 955 3120; x_wconf 87' lang='lat' dir='ltr'>futura</span> <span class='ocrx_word' id='word_1_191' title='bbox 979 3056 1197 3138; x_wconf 83' lang='lat' dir='ltr'>temptamina,</span> <span class='ocrx_word' id='word_1_192' title='bbox 1220 3054 1332 3137; x_wconf 89' lang='lat' dir='ltr'>quibus</span> 
     </span>
    </p>

    <p class='ocr_par' dir='ltr' id='par_1_8' title="bbox 173 3156 1360 3445">
     <span class='ocr_line' id='line_1_26' title="bbox 173 3156 1360 3241; baseline -0.001 -16"><span class='ocrx_word' id='word_1_193' title='bbox 173 3158 299 3241; x_wconf 74' lang='lat' dir='ltr'>aepiscis</span> <span class='ocrx_word' id='word_1_194' title='bbox 325 3156 459 3222; x_wconf 86' lang='lat' dir='ltr'>Martino</span> <span class='ocrx_word' id='word_1_195' title='bbox 483 3158 605 3223; x_wconf 87' lang='lat' dir='ltr'>auctore</span> <span class='ocrx_word' id='word_1_196' title='bbox 629 3157 758 3222; x_wconf 87' lang='lat' dir='ltr'>Martini</span> <span class='ocrx_word' id='word_1_197' title='bbox 784 3156 891 3222; x_wconf 87' lang='lat' dir='ltr'>usibus</span> <span class='ocrx_word' id='word_1_198' title='bbox 917 3159 1119 3240; x_wconf 88' lang='lat' dir='ltr'>quaereretur.</span> <span class='ocrx_word' id='word_1_199' title='bbox 1142 3158 1181 3222; x_wconf 91' lang='lat' dir='ltr'>ad</span> <span class='ocrx_word' id='word_1_200' title='bbox 1195 3156 1360 3240; x_wconf 75' lang='lat' dir='ltr'>primumi</span> 
     </span>
     <span class='ocr_line' id='line_1_27' title="bbox 207 3259 1333 3342; baseline -0.003 -16"><span class='ocrx_word' id='word_1_201' title='bbox 207 3260 323 3326; x_wconf 78' lang='lat' dir='ltr'>noum</span> <span class='ocrx_word' id='word_1_202' title='bbox 347 3259 381 3325; x_wconf 93' lang='lat' dir='ltr'>in</span> <span class='ocrx_word' id='word_1_203' title='bbox 405 3260 469 3324; x_wconf 87' lang='lat' dir='ltr'>rete</span> <span class='ocrx_word' id='word_1_204' title='bbox 492 3259 666 3342; x_wconf 89' lang='lat' dir='ltr'>permodico</span> <span class='ocrx_word' id='word_1_205' title='bbox 686 3259 854 3326; x_wconf 91' lang='lat' dir='ltr'>immanem</span> <span class='ocrx_word' id='word_1_206' title='bbox 868 3277 985 3326; x_wconf 88' lang='lat' dir='ltr'>esocem</span> <span class='ocrx_word' id='word_1_207' title='bbox 999 3260 1143 3326; x_wconf 88' lang='lat' dir='ltr'>diaconus</span> <span class='ocrx_word' id='word_1_208' title='bbox 1157 3259 1287 3326; x_wconf 87' lang='lat' dir='ltr'>extraxit</span> <span class='ocrx_word' id='word_1_209' title='bbox 1300 3259 1333 3323; x_wconf 91' lang='lat' dir='ltr'>et</span> 
     </span>
     <span class='ocr_line' id='line_1_28' title="bbox 208 3361 1332 3445; baseline -0.001 -18"><span class='ocrx_word' id='word_1_210' title='bbox 208 3361 247 3427; x_wconf 93' lang='lat' dir='ltr'>ad</span> <span class='ocrx_word' id='word_1_211' title='bbox 261 3362 482 3428; x_wconf 88' lang='lat' dir='ltr'>monasterium</span> <span class='ocrx_word' id='word_1_212' title='bbox 503 3362 602 3428; x_wconf 85' lang='lat' dir='ltr'>lactus</span> <span class='ocrx_word' id='word_1_213' title='bbox 626 3365 800 3442; x_wconf 84' lang='lat' dir='ltr'>accurrens,</span> <span class='ocrx_word' id='word_1_214' title='bbox 822 3361 972 3428; x_wconf 90' lang='lat' dir='ltr'>nimirum</span> <span class='ocrx_word' id='word_1_215' title='bbox 987 3364 1022 3428; x_wconf 84' lang='lat' dir='ltr'>ut</span> <span class='ocrx_word' id='word_1_216' title='bbox 1037 3361 1116 3428; x_wconf 81' lang='lat' dir='ltr'>dixit</span> <span class='ocrx_word' id='word_1_217' title='bbox 1129 3363 1218 3445; x_wconf 88' lang='lat' dir='ltr'>poeta</span> <span class='ocrx_word' id='word_1_218' title='bbox 1231 3361 1332 3429; x_wconf 89' lang='lat' dir='ltr'>nescio</span> 
     </span>
    </p>
   </div>
   <div class='ocr_carea' id='block_1_4' title="bbox 209 3635 1334 4548">
    <p class='ocr_par' dir='ltr' id='par_1_9' title="bbox 209 3635 1334 4548">
     <span class='ocr_line' id='line_1_29' title="bbox 260 3635 1333 3706; baseline -0.002 -14"><span class='ocrx_word' id='word_1_219' title='bbox 260 3637 279 3692; x_wconf 98' lang='grc'><strong>2</strong></span> <span class='ocrx_word' id='word_1_220' title='bbox 297 3636 501 3706; x_wconf 79' lang='lat' dir='ltr'>expugnabilem</span> <span class='ocrx_word' id='word_1_221' title='bbox 516 3635 543 3690; x_wconf 99' lang='lat' dir='ltr'><strong><em>V</em></strong></span> <span class='ocrx_word' id='word_1_222' title='bbox 605 3636 625 3693; x_wconf 82' lang='lat'>4</span> <span class='ocrx_word' id='word_1_223' title='bbox 642 3635 726 3692; x_wconf 85' lang='lat' dir='ltr'>oculis</span> <span class='ocrx_word' id='word_1_224' title='bbox 742 3637 803 3692; x_wconf 76' lang='lat' dir='ltr'>Vct</span> <span class='ocrx_word' id='word_1_225' title='bbox 813 3635 871 3692; x_wconf 87' lang='lat' dir='ltr'>cod.</span> <span class='ocrx_word' id='word_1_226' title='bbox 891 3635 958 3692; x_wconf 75' lang='lat' dir='ltr'>Vea·</span> <span class='ocrx_word' id='word_1_227' title='bbox 970 3635 1059 3705; x_wconf 79' lang='lat' dir='ltr'>(apud</span> <span class='ocrx_word' id='word_1_228' title='bbox 1070 3635 1105 3690; x_wconf 82' lang='lat' dir='ltr'>de</span> <span class='ocrx_word' id='word_1_229' title='bbox 1116 3636 1232 3704; x_wconf 84' lang='lat' dir='ltr'>Prato):</span> <span class='ocrx_word' id='word_1_230' title='bbox 1250 3635 1333 3691; x_wconf 86' lang='lat' dir='ltr'>etiam</span> 
     </span>
     <span class='ocr_line' id='line_1_30' title="bbox 209 3720 1331 3790; baseline 0 -14"><span class='ocrx_word' id='word_1_231' title='bbox 209 3720 291 3776; x_wconf 86' lang='lat' dir='ltr'>oculis</span> <span class='ocrx_word' id='word_1_232' title='bbox 303 3722 374 3778; x_wconf 80' lang='lat' dir='ltr'>AFc</span> <span class='ocrx_word' id='word_1_233' title='bbox 424 3721 545 3778; x_wconf 81' lang='lat' dir='ltr'>titestes</span> <span class='ocrx_word' id='word_1_234' title='bbox 560 3720 587 3774; x_wconf 88' lang='lat' dir='ltr'><em>V</em></span> <span class='ocrx_word' id='word_1_235' title='bbox 642 3721 679 3779; x_wconf 91' lang='lat'>10</span> <span class='ocrx_word' id='word_1_236' title='bbox 697 3722 807 3776; x_wconf 87' lang='lat' dir='ltr'>fluuium</span> <span class='ocrx_word' id='word_1_237' title='bbox 828 3723 856 3776; x_wconf 79' lang='lat' dir='ltr'><strong><em>A</em></strong></span> <span class='ocrx_word' id='word_1_238' title='bbox 887 3723 900 3790; x_wconf 83' lang='grc'>11</span> <span class='ocrx_word' id='word_1_239' title='bbox 931 3737 1021 3776; x_wconf 88' lang='lat' dir='ltr'>secans</span> <span class='ocrx_word' id='word_1_240' title='bbox 1046 3721 1073 3776; x_wconf 95' lang='lat' dir='ltr'><strong><em>V</em></strong></span> <span class='ocrx_word' id='word_1_241' title='bbox 1089 3727 1115 3776; x_wconf 83' lang='lat' dir='ltr'>et</span> <span class='ocrx_word' id='word_1_242' title='bbox 1134 3721 1191 3776; x_wconf 84' lang='lat' dir='ltr'>cod.</span> <span class='ocrx_word' id='word_1_243' title='bbox 1216 3722 1331 3778; x_wconf 82' lang='lat' dir='ltr'>Vorctii:</span> 
     </span>
     <span class='ocr_line' id='line_1_31' title="bbox 209 3806 1333 3878; baseline 0.001 -16"><span class='ocrx_word' id='word_1_244' title='bbox 209 3808 316 3862; x_wconf 84' lang='lat' dir='ltr'>secabat</span> <span class='ocrx_word' id='word_1_245' title='bbox 327 3810 356 3862; x_wconf 94' lang='lat' dir='ltr'>et</span> <span class='ocrx_word' id='word_1_246' title='bbox 367 3806 439 3863; x_wconf 79' lang='lat' dir='ltr'>AFo</span> <span class='ocrx_word' id='word_1_247' title='bbox 460 3807 474 3874; x_wconf 80' lang='grc' dir='ltr'>ΙΙ</span> <span class='ocrx_word' id='word_1_248' title='bbox 495 3807 526 3860; x_wconf 92' lang='lat' dir='ltr'>in</span> <span class='ocrx_word' id='word_1_249' title='bbox 536 3807 623 3876; x_wconf 91' lang='lat' dir='ltr'>ripam</span> <span class='ocrx_word' id='word_1_250' title='bbox 634 3808 746 3876; x_wconf 80' lang='lat' dir='ltr'>ccripci:</span> <span class='ocrx_word' id='word_1_251' title='bbox 764 3808 793 3861; x_wconf 91' lang='lat' dir='ltr'>in</span> <span class='ocrx_word' id='word_1_252' title='bbox 803 3807 866 3877; x_wconf 88' lang='lat' dir='ltr'>ripa</span> <span class='ocrx_word' id='word_1_253' title='bbox 881 3807 915 3871; x_wconf 88' lang='lat' dir='ltr'>V,</span> <span class='ocrx_word' id='word_1_254' title='bbox 935 3807 1022 3877; x_wconf 89' lang='lat' dir='ltr'>ripam</span> <span class='ocrx_word' id='word_1_255' title='bbox 1033 3807 1072 3872; x_wconf 81' lang='lat' dir='ltr'>F,</span> <span class='ocrx_word' id='word_1_256' title='bbox 1090 3808 1164 3878; x_wconf 85' lang='lat' dir='ltr'>ripae</span> <span class='ocrx_word' id='word_1_257' title='bbox 1175 3807 1219 3863; x_wconf 83' lang='lat' dir='ltr'>Ao</span> <span class='ocrx_word' id='word_1_258' title='bbox 1246 3810 1259 3876; x_wconf 78' lang='grc' dir='ltr'>ΙΙ</span> <span class='ocrx_word' id='word_1_259' title='bbox 1287 3807 1333 3863; x_wconf 90' lang='lat' dir='ltr'>ad·</span> 
     </span>
     <span class='ocr_line' id='line_1_32' title="bbox 209 3891 1333 3961; baseline -0.001 -12"><span class='ocrx_word' id='word_1_260' title='bbox 209 3893 292 3950; x_wconf 89' lang='lat' dir='ltr'>nabat</span> <span class='ocrx_word' id='word_1_261' title='bbox 307 3894 340 3949; x_wconf 88' lang='lat' dir='ltr'>V:</span> <span class='ocrx_word' id='word_1_262' title='bbox 363 3891 509 3948; x_wconf 90' lang='lat' dir='ltr'>adnatabat</span> <span class='ocrx_word' id='word_1_263' title='bbox 521 3892 592 3947; x_wconf 81' lang='lat' dir='ltr'>AFo</span> <span class='ocrx_word' id='word_1_264' title='bbox 656 3893 691 3950; x_wconf 93' lang='lat'>11</span> <span class='ocrx_word' id='word_1_265' title='bbox 710 3893 977 3961; x_wconf 80' lang='lat' dir='ltr'>ouiait(eicmiato)</span> <span class='ocrx_word' id='word_1_266' title='bbox 990 3893 1134 3948; x_wconf 88' lang='lat' dir='ltr'>innomine</span> <span class='ocrx_word' id='word_1_267' title='bbox 1151 3893 1176 3947; x_wconf 95' lang='lat' dir='ltr'><strong><em>V</em></strong></span> <span class='ocrx_word' id='word_1_268' title='bbox 1238 3893 1274 3950; x_wconf 86' lang='grc'>12</span> <span class='ocrx_word' id='word_1_269' title='bbox 1292 3893 1333 3948; x_wconf 90' lang='lat' dir='ltr'>in·</span> 
     </span>
     <span class='ocr_line' id='line_1_33' title="bbox 209 3977 1333 4050; baseline 0 -16"><span class='ocrx_word' id='word_1_270' title='bbox 209 3979 393 4050; x_wconf 83' lang='lat' dir='ltr'>spectantibus</span> <span class='ocrx_word' id='word_1_271' title='bbox 413 3977 514 4032; x_wconf 85' lang='lat' dir='ltr'><strong><em>BMV:</em></strong></span> <span class='ocrx_word' id='word_1_272' title='bbox 540 3978 741 4047; x_wconf 85' lang='lat' dir='ltr'>expectantibus</span> <span class='ocrx_word' id='word_1_273' title='bbox 761 3979 833 4033; x_wconf 80' lang='lat' dir='ltr'>AFo</span> <span class='ocrx_word' id='word_1_274' title='bbox 896 3978 933 4036; x_wconf 88' lang='grc'>14</span> <span class='ocrx_word' id='word_1_275' title='bbox 950 3979 1130 4048; x_wconf 79' lang='lat' dir='ltr'>ingemescens</span> <span class='ocrx_word' id='word_1_276' title='bbox 1150 3978 1232 4034; x_wconf 79' lang='lat' dir='ltr'>F&#39;V:</span> <span class='ocrx_word' id='word_1_277' title='bbox 1258 3979 1333 4050; x_wconf 89' lang='lat' dir='ltr'>inge·</span> 
     </span>
     <span class='ocr_line' id='line_1_34' title="bbox 210 4063 1332 4132; baseline -0.001 -12"><span class='ocrx_word' id='word_1_278' title='bbox 210 4066 323 4120; x_wconf 88' lang='lat' dir='ltr'>miscens</span> <span class='ocrx_word' id='word_1_279' title='bbox 335 4063 420 4119; x_wconf 72' lang='lat' dir='ltr'>wo</span> <span class='ocrx_word' id='word_1_280' title='bbox 436 4066 449 4132; x_wconf 76' lang='grc'>11</span> <span class='ocrx_word' id='word_1_281' title='bbox 465 4063 878 4119; x_wconf 85' lang='lat' dir='ltr'>athominesn.audiuntom.V</span> <span class='ocrx_word' id='word_1_282' title='bbox 924 4063 960 4121; x_wconf 88' lang='lat'>18</span> <span class='ocrx_word' id='word_1_283' title='bbox 973 4063 1137 4118; x_wconf 88' lang='lat' dir='ltr'>ministratio</span> <span class='ocrx_word' id='word_1_284' title='bbox 1149 4065 1179 4118; x_wconf 85' lang='lat' dir='ltr'><strong><em>F</em></strong></span> <span class='ocrx_word' id='word_1_285' title='bbox 1221 4065 1258 4122; x_wconf 81' lang='lat'>21</span> <span class='ocrx_word' id='word_1_286' title='bbox 1273 4081 1332 4120; x_wconf 91' lang='lat' dir='ltr'>oon·</span> 
     </span>
     <span class='ocr_line' id='line_1_35' title="bbox 211 4148 1333 4222; baseline 0.001 -17"><span class='ocrx_word' id='word_1_287' title='bbox 211 4148 545 4222; x_wconf 76' lang='lat' dir='ltr'>tignum-babitaculum</span> <span class='ocrx_word' id='word_1_288' title='bbox 566 4149 693 4204; x_wconf 80' lang='lat' dir='ltr'><strong><em>BFMV:</em></strong></span> <span class='ocrx_word' id='word_1_289' title='bbox 712 4149 1044 4220; x_wconf 87' lang='lat' dir='ltr'>contigua-habitacula</span> <span class='ocrx_word' id='word_1_290' title='bbox 1056 4149 1099 4203; x_wconf 87' lang='lat' dir='ltr'>Ac</span> <span class='ocrx_word' id='word_1_291' title='bbox 1160 4149 1198 4207; x_wconf 81' lang='lat'>23</span> <span class='ocrx_word' id='word_1_292' title='bbox 1215 4151 1333 4206; x_wconf 89' lang='lat' dir='ltr'>omnium</span> 
     </span>
     <span class='ocr_line' id='line_1_36' title="bbox 212 4233 1334 4294; baseline -0.001 -2"><span class='ocrx_word' id='word_1_293' title='bbox 212 4237 317 4292; x_wconf 87' lang='lat' dir='ltr'>aciebus</span> <span class='ocrx_word' id='word_1_294' title='bbox 329 4235 357 4290; x_wconf 89' lang='lat' dir='ltr'><em>B</em></span> <span class='ocrx_word' id='word_1_295' title='bbox 419 4233 684 4292; x_wconf 67' lang='lat' dir='ltr'>armassem:</span> <span class='ocrx_word' id='word_1_296' title='bbox 703 4235 891 4294; x_wconf 76' lang='lat' dir='ltr'>incassumAu</span> <span class='ocrx_word' id='word_1_297' title='bbox 954 4233 992 4292; x_wconf 88' lang='grc'>26</span> <span class='ocrx_word' id='word_1_298' title='bbox 1010 4234 1039 4287; x_wconf 89' lang='lat' dir='ltr'>iu</span> <span class='ocrx_word' id='word_1_299' title='bbox 1052 4235 1108 4288; x_wconf 86' lang='lat' dir='ltr'>rete</span> <span class='ocrx_word' id='word_1_300' title='bbox 1122 4234 1222 4289; x_wconf 82' lang='lat' dir='ltr'><strong><em>FMV:</em></strong></span> <span class='ocrx_word' id='word_1_301' title='bbox 1241 4236 1334 4292; x_wconf 82' lang='lat' dir='ltr'>iurati</span> 
     </span>
     <span class='ocr_line' id='line_1_37' title="bbox 211 4319 1333 4389; baseline 0 -12"><span class='ocrx_word' id='word_1_302' title='bbox 211 4324 251 4387; x_wconf 81' lang='lat' dir='ltr'>A,</span> <span class='ocrx_word' id='word_1_303' title='bbox 268 4322 349 4376; x_wconf 87' lang='lat' dir='ltr'>retio</span> <span class='ocrx_word' id='word_1_304' title='bbox 370 4322 383 4389; x_wconf 85' lang='grc' dir='ltr'>ΙΙ</span> <span class='ocrx_word' id='word_1_305' title='bbox 405 4319 580 4374; x_wconf 85' lang='lat' dir='ltr'>··esobasoem</span> <span class='ocrx_word' id='word_1_306' title='bbox 599 4321 631 4374; x_wconf 82' lang='lat' dir='ltr'>ia</span> <span class='ocrx_word' id='word_1_307' title='bbox 651 4335 754 4375; x_wconf 79' lang='lat' dir='ltr'>recuro</span> <span class='ocrx_word' id='word_1_308' title='bbox 764 4322 804 4386; x_wconf 84' lang='lat' dir='ltr'>F,</span> <span class='ocrx_word' id='word_1_309' title='bbox 817 4322 914 4376; x_wconf 88' lang='lat' dir='ltr'>isooem</span> <span class='ocrx_word' id='word_1_310' title='bbox 935 4319 980 4384; x_wconf 86' lang='lat' dir='ltr'>M,</span> <span class='ocrx_word' id='word_1_311' title='bbox 999 4324 1030 4373; x_wconf 82' lang='lat' dir='ltr'>at</span> <span class='ocrx_word' id='word_1_312' title='bbox 1051 4324 1089 4373; x_wconf 81' lang='lat' dir='ltr'>cet</span> <span class='ocrx_word' id='word_1_313' title='bbox 1110 4319 1187 4389; x_wconf 79' lang='lat' dir='ltr'>apud</span> <span class='ocrx_word' id='word_1_314' title='bbox 1208 4321 1333 4377; x_wconf 74' lang='lat' dir='ltr'>Plinium</span> 
     </span>
     <span class='ocr_line' id='line_1_38' title="bbox 212 4404 1333 4477; baseline 0.002 -15"><span class='ocrx_word' id='word_1_315' title='bbox 212 4409 248 4462; x_wconf 86' lang='lat' dir='ltr'>N.</span> <span class='ocrx_word' id='word_1_316' title='bbox 269 4409 306 4461; x_wconf 90' lang='grc' dir='ltr'>Η.</span> <span class='ocrx_word' id='word_1_317' title='bbox 329 4407 383 4462; x_wconf 82' lang='lat' dir='ltr'>IX</span> <span class='ocrx_word' id='word_1_318' title='bbox 405 4409 448 4474; x_wconf 86' lang='lat'>15,</span> <span class='ocrx_word' id='word_1_319' title='bbox 468 4406 533 4474; x_wconf 71' lang='lat'>§44</span> <span class='ocrx_word' id='word_1_320' title='bbox 554 4410 580 4459; x_wconf 80' lang='lat' dir='ltr'>et</span> <span class='ocrx_word' id='word_1_321' title='bbox 599 4405 665 4460; x_wconf 80' lang='lat' dir='ltr'>Iu&#39;d.</span> <span class='ocrx_word' id='word_1_322' title='bbox 688 4407 779 4477; x_wconf 70' lang='lat' dir='ltr'>Etyoa</span> <span class='ocrx_word' id='word_1_323' title='bbox 795 4407 865 4474; x_wconf 86' lang='lat' dir='ltr'>XX,</span> <span class='ocrx_word' id='word_1_324' title='bbox 878 4409 953 4470; x_wconf 79' lang='lat'>2,30</span> <span class='ocrx_word' id='word_1_325' title='bbox 973 4407 985 4473; x_wconf 77' lang='grc' dir='ltr'>ΙΙ</span> <span class='ocrx_word' id='word_1_326' title='bbox 1008 4405 1036 4459; x_wconf 90' lang='lat' dir='ltr'>et</span> <span class='ocrx_word' id='word_1_327' title='bbox 1048 4420 1095 4459; x_wconf 85' lang='lat' dir='ltr'>om.</span> <span class='ocrx_word' id='word_1_328' title='bbox 1117 4404 1182 4460; x_wconf 84' lang='grc' dir='ltr'>ΒΜ</span> <span class='ocrx_word' id='word_1_329' title='bbox 1230 4407 1267 4464; x_wconf 83' lang='grc'>27</span> <span class='ocrx_word' id='word_1_330' title='bbox 1286 4423 1333 4464; x_wconf 88' lang='lat' dir='ltr'>neo</span> 
     </span>
     <span class='ocr_line' id='line_1_39' title="bbox 213 4482 393 4548; baseline -0.006 0"><span class='ocrx_word' id='word_1_331' title='bbox 213 4493 311 4548; x_wconf 86' lang='lat' dir='ltr'>mirum</span> <span class='ocrx_word' id='word_1_332' title='bbox 327 4493 353 4547; x_wconf 93' lang='lat' dir='ltr'><strong><em>V</em></strong></span> <span class='ocrx_word' id='word_1_333' title='bbox 386 4482 393 4494; x_wconf 76' lang='grc'><em>“</em></span> 
     </span>
    </p>
   </div>
   <div class='ocr_carea' id='block_1_5' title="bbox 0 0 1665 5142">
    <p class='ocr_par' dir='ltr' id='par_1_10' title="bbox 0 0 1665 5142">
     <span class='ocr_line' id='line_1_40' title="bbox 0 0 1665 5142; baseline 0 0"><span class='ocrx_word' id='word_1_334' title='bbox 0 0 1665 5142; x_wconf 95' lang='lat' dir='ltr'> </span> 
     </span>
    </p>
   </div>
  </div>
 </body>
</html>
