3300 5142
658 538 731 607 Cap.
752 538 874 596 26-27.
1280 540 1339 605 121

204 698 291 779 petra
317 686 464 761 salutaris
492 696 576 760 unda
600 693 771 777 profertur,
805 697 836 760 et
851 696 887 759 ut
903 695 1032 760 Amalec
1047 696 1239 773 uinceretur,
1263 694 1343 759 cirea

205 800 329 883 uirgam
342 799 465 882 Moyses
483 798 623 880 expansis
635 798 779 863 manibus
790 798 982 864 extenditur:
999 799 1100 864 scalae
1112 800 1233 883 ligneae
1243 798 1342 880 patri-

207 903 300 968 archa
314 901 545 967 incumbentem
560 902 707 984 angelum
727 902 862 966 somniat
883 904 915 967 01
929 920 984 984 per
999 904 1128 968 eandem
1143 903 1220 967 alios
1235 920 1343 967 ascen·

212 1006 298 1082 dere,
328 1005 405 1070 alios
420 1004 518 1069 cernit
533 1004 729 1081 demandare,
758 1007 790 1070 et
805 1005 855 1070 lex
871 1005 929 1070 Dei
951 1024 1038 1071 arcae
1060 1006 1196 1071 creditur
1210 1006 1341 1089 ligneae,

184 1134 196 1169 a
209 1111 245 1173 01
262 1108 312 1173 his
326 1108 469 1175 omnibus
484 1108 572 1190 quasi
587 1126 641 1190 por
656 1108 769 1193 gradus
785 1109 936 1191 quosdam
951 1110 990 1174 ad
1006 1109 1130 1193 lignum
1146 1109 1244 1174 crucis
1259 1108 1343 1173 03100

208 1212 370 1276 hominum
385 1211 567 1295 perueniret.
592 1213 777 1295 quapropter
791 1212 916 1296 lignum
932 1212 1030 1277 crucis
1043 1213 1120 1277 caeli
1131 1212 1264 1277 sustinet
1275 1230 1343 1277 ma-

210 1315 342 1392 chinam,
358 1316 457 1379 terrae
473 1314 673 1380 fundamenta
689 1315 878 1393 conroborat,
896 1315 1011 1380 adfixos
1027 1316 1088 1381 sibi
1102 1316 1240 1381 homines
1257 1314 1343 1380 ducit

206 1419 246 1484 ad
260 1418 370 1483 uitam.
393 1418 516 1502 lignum
534 1418 650 1483 diaboli
665 1419 754 1483 ardet
769 1436 891 1502 semper
905 1420 936 1484 01
950 1420 1083 1484 moritur
1099 1421 1130 1483 et
1145 1418 1185 1483 ad
1199 1420 1263 1484 ima
1278 1421 1343 1483 tar-

207 1522 269 1587 tari
284 1522 444 1586 credentes
458 1521 598 1585 homines
614 1540 686 1586 oum
701 1521 818 1586 fauillis
836 1522 900 1586 suis
916 1521 1010 1585 ducit.
1035 1522 1116 1586 illud
1137 1522 1233 1587 etiam
1249 1521 1373 1604 quale4

172 1647 198 1687 1⁰
206 1625 249 1691 sit
273 1624 393 1690 ratione
418 1625 579 1689 tractetur.
604 1624 746 1690 arborem
770 1643 860 1689 suam
876 1624 1018 1689 diabolus
1035 1643 1213 1690 consecrans
1229 1626 1343 1690 intem-

207 1729 296 1812 pesta
321 1730 410 1792 nocte
436 1728 566 1793 arietem
581 1728 615 1792 in
630 1746 734 1793 caesae
749 1727 867 1793 arboris
882 1727 961 1793 facit
975 1726 1131 1792 radicibus
1152 1730 1156 1810 Ι
1176 1727 1456 1795 1000100100.οι.

206 1832 276 1914 quis
292 1830 353 1895 tibi
367 1831 441 1907 hoc,
463 1830 628 1908 scelerate,
651 1831 827 1913 persuasit?
844 1831 924 1895 unde
939 1830 996 1895 hoc
1011 1831 1157 1914 pestilera
1172 1830 1343 1913 cupiditate

208 1934 371 2000 didicisti?
393 1952 552 2014 semperne
567 1934 598 1997 10
615 1935 721 1998 contra
735 1934 838 1999 Deum
854 1952 1013 1998 summum
1034 1933 1151 1999 nefaria
1172 1933 1344 2016 cupiditate

207 2037 387 2119 componis?
410 2037 478 2101 ideo
499 2039 531 2102 te
552 2038 590 2101 de
612 2035 697 2102 03010
712 2056 854 2103 seuerum
870 2037 1047 2102 diuinitatis
1063 2036 1214 2103 iudicium
1231 2037 1345 2102 caduca

173 2140 604 2222 0100111131000300101101,
632 2140 785 2205 11001111
816 2141 874 2205 Dei
900 2142 1052 2206 sententia
1078 2143 1225 2224 perpetua
1251 2158 1346 2222 poena

208 2243 396 2319 decernitur,
420 2244 501 2324 quod
522 2241 708 2308 facinoribus
723 2244 788 2307 1010
806 2264 861 2326 per
880 2245 946 2309 dies
966 2244 1104 2329 singulos
1126 2262 1242 2309 nouum
1264 2262 1345 2309 sem-

209 2364 263 2429 per
279 2345 403 2410 additur
427 2344 565 2423 1301000,
589 2348 670 2427 quod
684 2346 841 2412 hominem
855 2347 914 2412 Dei
930 2346 1127 2413 fraudulenta
1141 2347 1259 2413 conaris
1274 2366 1344 2430 per-

208 2448 349 2513 suasione
374 2448 521 2531 deoipere.
553 2448 624 2513 uide
651 2449 726 2531 quid
753 2449 814 2513 sibi
840 2449 1028 2516 ludibriosus
1055 2451 1153 2517 hostis
1179 2450 1341 2516 inuenerit.

206 2551 353 2616 Abrahae
370 2551 573 2617 immolaturo
599 2552 700 2617 filium
727 2552 815 2618 iussu
830 2554 888 2618 Dei
904 2554 983 2619 aries
999 2554 1183 2637 subponitur
1198 2556 1229 2617 et
1245 2553 1278 2618 in
1294 2554 1343 2618 ui·

174 2656 293 2721 rocinae
308 2655 425 2720 arboris
451 2656 607 2722 radicibus
629 2656 790 2741 alligatur.
814 2657 1003 2724 liberaturus
1027 2659 1111 2723 Deus
1138 2676 1279 2723 summus
1306 2676 1371 2731 erp

208 2757 435 2843 Aegyptiorum
451 2759 614 2842 tyrannide
628 2760 752 2843 plebem
767 2780 858 2827 suam
878 2762 1007 2827 arietem
1027 2762 1116 2826 00010
1136 2760 1229 2826 100011
1244 2760 1341 2825 000111

209 2862 240 2926 01
255 2863 404 2945 sanguine
419 2863 484 2927 eius
500 2864 603 2945 000100
621 2863 707 2928 liniri
728 2864 898 2949 praecepit:
934 2864 1037 2946 ipsum
1064 2883 1081 2929 a
1108 2866 1191 2929 certo
1216 2881 1344 2929 numero

209 2965 370 3031 homiuum
394 2983 448 3047 per
467 2968 633 3031 nocturnas
648 2967 754 3050 epulas
769 2966 876 3033 confici
892 2967 979 3033 iubet
994 2969 1025 3032 01
1040 2966 1191 3033 sacrificio
1206 2967 1267 3049 ipsi
1282 2967 1344 3032 Pa-

210 3069 300 3133 schae
314 3087 426 3134 nomen
437 3068 567 3152 inponit.
593 3069 647 3134 sed
658 3071 715 3135 hoc
726 3071 766 3135 ad
777 3070 947 3155 imaginem
959 3069 1137 3135 futurorum
1149 3069 1344 3152 prouidentia

175 3195 201 3237 a
210 3171 334 3237 diuinae
358 3172 531 3238 maiestatis
555 3172 690 3251 inuenit,
719 3176 755 3239 ut
780 3193 836 3256 per
861 3174 950 3257 signa
975 3191 1085 3238 uerum
1111 3172 1230 3239 Pascha
1254 3173 1343 3239 nobis

210 3274 393 3340 ostenderet.
417 3276 485 3340 1100
511 3295 584 3341 000
609 3276 647 3341 10
672 3276 813 3358 passione
839 3276 957 3342 domini
982 3276 1079 3341 nostri
1101 3275 1208 3341 diuino
1230 3275 1343 3359 spiritu

210 3378 336 3442 iubente
351 3378 501 3460 propheta
515 3382 720 3460 praecaneret,
736 3380 798 3445 ait:
821 3372 938 3445 ‘sicut
959 3380 1043 3444 0010
1066 3379 1113 3445 31
1136 3379 1344 3446 01011030

211 3479 356 3545 100100
378 3482 437 3545 001
459 3483 497 3546 01
517 3482 624 3547 01001
646 3502 767 3568 agnus
783 3502 912 3549 coram
927 3483 1113 3549 tondente
1129 3502 1183 3561 se,
1200 3483 1255 3547 010
1270 3499 1343 3548 000

211 3582 365 3665 aperuit
386 3601 425 3650 os
448 3602 569 3650 suum.
602 3585 641 3650 in
663 3586 895 3652 humilitate
923 3585 1116 3651 iudicium
1146 3586 1227 3651 eius
1255 3584 1343 3650 sub-

176 3688 334 3752 0013100
357 3689 435 3753 est:
471 3688 733 3754 natiuitatem
755 3690 841 3755 eius
875 3689 961 3772 quis
994 3689 1221 3755 enarrabit?
1255 3707 1343 3771 quo-

209 3790 311 3857 niam
334 3790 538 3856 auferetur
567 3792 712 3857 eterra
734 3792 818 3857 uita
841 3781 943 3858 eius'
966 3792 1046 3858 alius
1073 3792 1169 3858 etiam
1196 3791 1371 3874 prophetat

209 3893 285 3959 haec
296 3892 404 3959 eadem
415 3894 512 3958 simili
524 3894 681 3976 respondit
693 3895 832 3960 oraculo:
844 3888 1022 3972 ‘domine,
1040 3894 1231 3979 significa
1246 3894 1342 3959 mihi

210 3997 246 4060 01
273 4014 513 4081 cognoscam:
547 4000 641 4062 tunc
671 3998 753 4063 uidi
783 3998 1067 4064 meditationes
1096 4014 1237 4062 eorum.
1273 4016 1341 4082 ego

313 4183 352 4240 27
370 4183 423 4239 Jes.
437 4183 485 4247 53,
498 4183 516 4240 7
529 4199 567 4253 sq.
620 4183 659 4240 32
677 4183 731 4238 Jer.
746 4184 787 4248 11,
802 4183 839 4241 18
853 4200 892 4252 sq.

264 4338 465 4395 1110310010
528 4338 671 4407 dligneae
684 4337 801 4392 creditur
821 4355 840 4391 a
903 4337 1045 4394 9lsbillis
1059 4340 1086 4395 P
1151 4340 1311 4397 191100

211 4422 250 4483 25
268 4422 960 4493 010001οΡ100.010,001010031οΡ00.20000.
1014 4424 1343 4495 2810010011Ρ110001

211 4524 239 4563 00
250 4510 365 4564 uidetur
376 4514 467 4565 mutus
479 4511 569 4566 deesse
574 4530 584 4577 ,·
603 4512 639 4577 cf.
653 4510 742 4565 LXX
794 4509 834 4568 30
852 4510 989 4565 enarrauit
1001 4511 1055 4580 Pa,
1069 4527 1116 4565 eru.
1131 4512 1257 4567 Bursian
