3300 5142
346 511 389 576 80
772 511 920 600 Sulpicii
937 511 1052 564 Seueri

343 684 450 730 uersus
464 666 518 731 hos
533 666 705 732 Alexander
721 667 785 732 acie
805 666 952 750 confligit.
975 683 1010 730 eo
1029 665 1143 747 proelio
1163 665 1357 731 Ptolemaeus
1371 667 1464 744 cadit,

313 769 513 834 5Alexandor
529 770 677 834 uincitur:
703 770 794 851 paulo
813 771 884 852 post
903 767 1091 845 interiectus,
1106 787 1177 834 cum
1192 770 1349 852 regnasset
1368 786 1463 834 annos

342 873 474 954 quinque
489 872 553 948 uel,
577 874 613 936 ut
627 872 660 937 in
674 871 827 954 plerisque
840 871 1016 936 auctoribus
1030 871 1165 952 repperi,
1186 889 1306 937 nouem.

290 971 329 1034 2⁵
384 975 558 1040 Demetrius
573 993 701 1058 regnum
722 975 864 1056 indeptus
885 975 1046 1040 Ionatham
1068 974 1198 1058 benigne
1211 975 1334 1050 habuit,
1356 973 1462 1040 foedus

341 1096 410 1142 cum
437 1095 471 1142 oo
496 1077 584 1154 fecit,
607 1077 735 1142 Iudaeos
760 1077 881 1161 legibus
907 1078 970 1142 suis
995 1077 1138 1142 reddidit.
1161 1078 1277 1142 interea
1302 1077 1462 1161 Tryphon,
1486 1102 1499 1140 a

339 1182 392 1262 qui
407 1180 541 1260 partium
556 1179 721 1244 Alexandri
741 1179 856 1258 fuerat,
880 1178 1050 1262 praefectus
1065 1178 1171 1261 Syriae
1183 1198 1277 1263 regno
1295 1215 1311 1243 ι
1329 1213 1346 1242 ι
1363 1215 1379 1242 2
1392 1199 1465 1244 eum

341 1283 421 1346 bello
447 1282 664 1363 prohibiturns.
688 1285 792 1348 contra
817 1284 946 1348 Ionatha
965 1282 998 1348 in
1012 1282 1163 1364 proelium
1176 1283 1349 1358 descendit,
1370 1282 1461 1347 torri-

310 1384 411 1448 abilis
427 1402 472 1448 xn
487 1385 610 1450 milimn
625 1386 767 1450 exercitu.
792 1385 950 1468 Tryphon,
972 1385 1027 1449 ubi
1046 1404 1079 1449 se
1100 1385 1252 1466 imparem
1272 1385 1385 1462 cernit,
1406 1404 1462 1466 pa·

338 1506 405 1552 cem
419 1487 559 1564 simulat,
582 1489 799 1570 receptumque
816 1489 849 1552 in
868 1487 1038 1553 amicitiam
1052 1487 1280 1569 inuitatumque
1293 1488 1464 1553 Ptolemai-

337 1590 409 1655 dam
434 1589 596 1655 interfecit.
619 1592 689 1673 post
713 1591 876 1656 Ionatham
900 1609 1022 1654 summa
1045 1609 1148 1655 rernm
1167 1591 1206 1654 ad
1231 1588 1385 1656 Simonem
1399 1588 1498 1656 fra-rc

337 1695 416 1757 trem
432 1692 575 1757 defertur.
600 1693 626 1756 is
641 1693 734 1758 sunus
748 1693 852 1758 fratris
867 1693 1029 1776 magnifice
1048 1692 1168 1758 curauit
1188 1694 1365 1775 septemque
1389 1693 1460 1757 illas

336 1796 510 1879 pyramidas
524 1796 708 1861 nobilissimi
729 1796 829 1877 operis
849 1796 997 1872 extruxit,
1020 1795 1053 1859 in
1077 1796 1189 1877 quibus
1214 1797 1246 1859 et
1270 1795 1403 1860 fratrum
1427 1796 1460 1859 et

307 1900 432 1982 3patris
459 1917 526 1962 ossa
551 1899 695 1963 condidit.
719 1901 788 1963 tum
802 1899 997 1974 Demetrius,
1019 1898 1132 1963 refecto
1152 1916 1223 1962 cum
1248 1897 1370 1962 Iudaeis
1395 1897 1460 1962 foe-

336 2002 421 2078 dere,
437 2001 690 2082 contemplatione
705 2001 801 2066 cladis
815 2021 834 2065 a
849 2001 1010 2084 Tryphone
1024 2001 1128 2065 illatae
1143 2039 1184 2046 -
1199 2019 1271 2064 nam
1285 2002 1354 2083 post
1368 2001 1458 2065 lona·

335 2105 407 2169 thee
428 2123 533 2168 necem
555 2104 645 2167 urbes
667 2121 771 2168 eorum
793 2105 885 2186 atque
906 2122 995 2188 agros
1016 2103 1096 2168 bello
1114 2104 1289 2168 uastauerat
1303 2140 1344 2150 -
1359 2122 1459 2168 annua
1471 2121 1494 2160 ιε

335 2207 379 2272 eis
394 2207 559 2290 uectigalia
573 2207 799 2288 inperpetuum
814 2207 963 2272 remittit:
986 2207 1100 2271 etenim
1114 2207 1264 2287 usquead
1283 2206 1317 2270 id
1337 2209 1460 2288 tempus

334 2311 458 2394 regibus
479 2309 598 2392 Syriae,
630 2309 690 2374 nisi
716 2329 786 2374 cum
811 2310 905 2374 armis
925 2310 1120 2385 restitemnt,
1147 2309 1335 2391 stipendium
1359 2309 1462 2391 pensi·

305 2414 484 2480 4tauerant.
514 2413 547 2476 id
576 2413 698 2496 gestum
724 2413 875 2476 Demetrii
900 2411 983 2494 regis
1007 2429 1085 2475 anno
1110 2413 1257 2489 secundo,
1286 2413 1366 2494 quod
1391 2411 1460 2476 ideo

388 2667 402 2722 1
422 2682 452 2719 eo
464 2665 547 2734 prelio
559 2666 676 2719 uincitur
689 2665 851 2734 ptolomeus.
871 2665 943 2719 cadit
961 2665 1100 2719 alexander
1117 2667 1235 2720 uincitur
1252 2667 1331 2736 paulo
1349 2669 1409 2735 post
1421 2665 1454 2726 P,

333 2768 363 2805 eo
381 2751 480 2820 proelio
498 2752 614 2804 uincitur
630 2751 811 2814 Ptolemaeus,
830 2750 902 2804 cadit
915 2751 1070 2805 Alexander.
1082 2751 1206 2805 Vincitur
1225 2752 1406 2814 Ptolomaeus,
1424 2753 1453 2804 et

332 2836 411 2906 paulo
422 2839 482 2906 post
494 2837 523 2900 b,
535 2838 621 2890 secuti
632 2853 725 2889 eremus
736 2837 951 2890 mendaciorem
964 2837 995 2890 G.
1004 2838 1137 2904 Richteri,
1150 2839 1207 2891 nisi
1217 2837 1289 2906 quod
1299 2838 1347 2891 ille
1356 2853 1454 2892 ιιοιια-

333 2923 399 2976 deon
426 2922 572 2976 editionem
596 2924 753 2990 principem
776 2923 805 2974 et
824 2927 890 2974 onte
909 2923 989 2990 paulo
1008 2923 1119 2976 addidit
1198 2923 1392 2978 Pinterlectna
1416 2923 1456 2977 P:

331 3007 492 3062 interficitur
513 3009 528 3062 b
595 3008 613 3064 3
631 3007 801 3076 implerisque
813 3007 841 3061 P
895 3007 915 3062 4
931 3007 1094 3062 Jonathanb
1154 3009 1173 3067 5
1191 3009 1267 3062 iudas
1280 3009 1307 3062 P
1328 3011 1341 3076 ll
1363 3008 1450 3068 5et8

330 3094 412 3150 trifon
426 3095 454 3147 P
504 3093 521 3150 6
539 3094 631 3162 regno]
649 3094 693 3146 laic
709 3093 844 3162 quaedam
860 3092 1031 3146 intercidisse
1048 3094 1138 3147 critici
1155 3101 1226 3148 recte
1242 3095 1437 3148 intelleverunt
1442 3113 1452 3161 ;

331 3195 381 3232 aec
392 3186 484 3233 tamen
495 3180 599 3246 suffecit
611 3196 672 3232 cuca
684 3179 853 3246 Hieronymo
863 3179 896 3232 dc
906 3179 993 3232 Proto
1002 3177 1125 3232 inhiabat
1135 3180 1274 3248 supplerc;
1293 3197 1359 3232 nam
1367 3197 1454 3247 oppe-

330 3269 372 3318 ret
381 3265 468 3332 plura
480 3265 569 3318 deesse
581 3271 606 3317 et
617 3265 703 3317 uerba
715 3279 774 3317 curn
783 3263 853 3316 bello
862 3263 1044 3332 prohibiturns
1055 3281 1113 3318 non
1122 3265 1160 3318 od
1167 3265 1331 3318 sententium
1342 3281 1455 3333 aequen-

333 3358 401 3418 cen,
419 3351 466 3404 aed
486 3350 523 3403 od
532 3351 654 3417 priorem
672 3351 817 3417 pertinere.
838 3349 885 3402 Ec
905 3350 1027 3403 Mccccb.
1051 3350 1075 3417 Ι,
1093 3353 1138 3420 12,
1151 3355 1188 3404 39
1199 3367 1251 3419 ap,
1269 3350 1326 3403 ’καὶ
1343 3349 1455 3417 ἐζήτησε

332 3433 454 3510 Τρύφων
475 3437 632 3504 βασιλεῦσαι
659 3437 707 3500 τῆς
728 3434 819 3496 Ἀσίας
840 3439 887 3487 καὶ
905 3440 1072 3506 περιθέσθαι
1088 3434 1120 3488 τὰ
1138 3433 1263 3506 διάδημα
1275 3440 1322 3489 καὶ
1334 3438 1453 3490 ἐκτεῖναι

325 3529 408 3594 χεῖρα
431 3523 479 3576 ἐπὶ
491 3521 641 3590 Ἀντίοχον
660 3520 709 3574 τὸν
729 3524 850 3588 βασιλέα
871 3524 918 3573 καὶ
939 3517 1067 3591 ἐφοβήθη
1083 3518 1125 3591 μή
1146 3541 1213 3576 ποτε
1227 3521 1277 3576 οὐκ
1288 3519 1355 3594 ἐάσῃ
1366 3521 1451 3578 αὐτὸν

329 3605 466 3662 'Iasonidae
483 3611 530 3660 καὶ
546 3604 587 3677 μή
602 3625 669 3660 ποτε
687 3601 833 3678 πολεμήσῃ
844 3604 915 3678 πρὸς
927 3603 1019 3661 αὐτόν’
1031 3611 1079 3660 καὶ
1091 3603 1176 3674 ἐζήτει
1189 3604 1278 3680 πόρον
1289 3612 1338 3661 τοῦ
1350 3614 1448 3662 συλλα-

329 3701 390 3764 βεῖν
407 3693 456 3747 τὸν
467 3690 604 3746 'Imittur
621 3695 667 3745 nal
679 3693 814 3745 ἀπολέσαι
831 3689 930 3758 αὐτόν,
955 3696 1002 3746 καὶ
1018 3691 1127 3764 ἀπάρας
1146 3691 1230 3760 ἦλθεν
1247 3698 1286 3753 εἰς
1301 3693 1454 3749 Βιιιθσιὶπ’

330 3783 433 3836 lacuna
444 3780 483 3834 stc
494 3782 553 3846 fere
565 3778 701 3846 explenda
712 3779 840 3832 uidetur:
859 3795 940 3847 regno
949 3779 1039 3848 [Asiae
1051 3779 1170 3842 inhians,
1183 3779 1285 3832 ueritus
1293 3797 1326 3833 ne
1335 3780 1452 3834 Jonatlta

331 3866 383 3920 sibi
404 3881 478 3918 arma
498 3865 619 3928 inferret,
638 3864 770 3932 profectus
787 3867 829 3916 est
840 3864 987 3933 Baethsan]
999 3881 1059 3917 eum
1070 3864 1140 3918 bello
1151 3865 1340 3933 prohibiturns
1360 3870 1451 3920 contra

329 3951 446 4005 Jonatha
466 3956 513 4004 etc.
567 3949 713 4005 ‘dionetha
734 3951 807 4016 (cum
828 3951 906 4018 apice
924 3966 1007 4017 seper
1026 3951 1133 4018 syllaba
1152 3949 1213 4017 tha)
1226 3952 1265 4005 P:
1281 3951 1450 4006 Jonathanb

381 4035 399 4092 8
418 4035 522 4089 milium
543 4036 572 4089 t:
599 4034 690 4098 milib;
709 4035 736 4088 P
799 4034 1024 4104 9ptolomaidam
1046 4036 1083 4099 P,
1107 4036 1300 4090 Ptolemaidem
1319 4038 1450 4104 Dnesiaa,

328 4122 385 4176 aiei
405 4121 484 4175 malie
503 4120 670 4174 Ptolemaida
742 4120 780 4178 10
796 4120 924 4174 interficit
943 4121 1061 4176 maletot
1080 4121 1115 4174 dc
1134 4122 1222 4176 Proto
1243 4124 1256 4190 ΙΙ
1277 4123 1413 4177 Jonathan
1432 4124 1449 4177 t

339 4209 352 4274 ΙΙ
375 4221 511 4276 aymonem
523 4208 550 4261 P
603 4207 638 4263 12
657 4207 685 4260 in
697 4207 794 4276 quibus
811 4206 907 4260 matris
924 4209 953 4259 et
970 4206 1084 4260 fratrum
1101 4207 1136 4260 dc
1147 4207 1249 4275 Preto;
1267 4209 1347 4262 immo
1353 4211 1449 4277 potius

328 4294 357 4346 et
380 4293 493 4345 fratrum
516 4294 544 4346 et
566 4293 661 4346 matris
685 4295 713 4346 et
735 4292 834 4362 patris,
854 4294 889 4359 cs.
912 4292 1034 4346 cimaco.
1056 4293 1081 4359 I,
1102 4295 1146 4359 13,
1159 4294 1198 4347 28
1251 4294 1289 4348 14
1305 4294 1403 4360 tritone
1423 4295 1452 4349 P

383 4377 419 4434 16
437 4378 476 4432 eis
493 4377 645 4432 Gieeliaus:
664 4377 721 4430 eius
734 4379 761 4431 P
782 4380 794 4445 ll
816 4378 1012 4446 imperpetuum
1025 4376 1052 4430 P
1104 4377 1141 4432 17
1158 4378 1317 4432 restiterunt
1328 4381 1366 4434 P:
1384 4380 1450 4432 reai-

330 4465 460 4518 sterentb
