3300 5142
643 525 717 594 Cap.
736 524 816 585 5-6.
1257 529 1298 593 83

163 684 302 766 oipim
311 684 350 749 io
361 684 489 759 modam
500 681 651 746 siluarum
665 683 768 747 unae
778 684 933 748 uisatur.
951 684 1045 748 tortio
1052 702 1135 765 pars
1147 684 1298 748 construi-

165 791 218 855 tur
233 790 271 853 io
285 790 391 869 iecore,
408 786 494 853 cade
508 786 604 851 libido
618 788 760 851 nascitur
774 792 802 851 et
816 787 974 869 uoluptas.
999 788 1069 852 illic
1084 787 1166 852 enim
1176 786 1298 869 ponito-

166 893 248 957 tiam
269 892 426 958 seminam
448 890 574 955 collecto
594 889 770 954 fecunditas
793 890 999 955 naturatibus
1019 890 1160 955 stiroctis
1177 890 1297 955 deside-

165 995 250 1060 rium
264 994 449 1078 cupiditatis
467 993 614 1075 exapitot.
647 994 723 1074 quid
743 1012 815 1077 orgo
840 995 986 1077 perficiat
1005 993 1070 1058 isto
1085 993 1203 1057 etauio
1222 992 1327 1056 diti-4

126 1128 143 1165 s
164 1103 272 1181 poetar
286 1098 430 1182 aspicite,
446 1101 481 1160 at
495 1096 594 1179 facite
609 1097 816 1160 commentum
832 1096 909 1161 ratio
921 1096 1064 1162 ueritatis
1079 1096 1246 1181 impugnet,
1269 1095 1298 1158 si

166 1202 325 1267 diuiditur
339 1200 452 1265 opima
463 1200 495 1264 et
506 1199 681 1265 substantia
695 1216 752 1263 sua
766 1199 892 1264 diuerso
908 1200 1068 1265 efficaciae
1080 1219 1189 1284 genere
1209 1218 1297 1279 sepo-

165 1309 261 1369 rotar
275 1307 303 1368 ot
318 1302 468 1369 dissoluto
479 1301 590 1367 critiae
604 1319 660 1365 sco
675 1301 792 1382 incipit
805 1303 961 1386 essequod
977 1303 1085 1369 fuerat.
1109 1302 1198 1367 atiud
1213 1301 1298 1365 caim

165 1426 252 1472 mens
273 1410 327 1485 cst,
349 1406 442 1470 aliod
461 1407 530 1483 iro,
551 1404 645 1468 atiud
666 1404 770 1470 tabido.
801 1406 944 1471 animam
968 1424 1041 1491 ergo
1059 1406 1216 1487 separatio
1231 1404 1297 1470 isto

165 1510 314 1575 dissoluit
329 1513 358 1574 et
371 1509 491 1593 patitur
505 1508 680 1573 maximam
694 1527 731 1573 ex
744 1508 806 1574 ista
820 1510 987 1592 partitione
1001 1510 1163 1589 iacturam,
1175 1528 1231 1575 neo
1245 1509 1294 1573 in·

131 1614 289 1697 mtegram
303 1613 353 1677 sui
368 1612 502 1696 speciem
519 1630 567 1676 res
582 1611 644 1675 ista
658 1612 799 1690 cecedit,
815 1631 896 1692 quoe
906 1633 967 1693 por
981 1617 1043 1677 tres
1062 1614 1238 1677 cootrorias
1250 1630 1298 1677 se-

162 1720 280 1797 parato
304 1715 463 1780 diuiditur
482 1715 533 1792 et,
556 1716 592 1778 ut
603 1713 715 1779 uerius.
725 1714 836 1793 dicam,
852 1715 889 1781 fit
904 1735 940 1781 ex
955 1716 1028 1796 ipso
1043 1715 1201 1780 atestino
1216 1732 1299 1779 mor-

164 1819 252 1883 talis.
266 1818 387 1883 etenim
401 1816 482 1898 qood
490 1820 591 1898 potest
602 1816 710 1881 diuidi
723 1837 833 1898 corpis
848 1820 909 1883 est:
931 1818 1013 1901 quod
1034 1837 1157 1901 eorpus
1177 1836 1298 1883 necesse

52 1980 61 2007 ,
167 1922 214 1985 est
228 1939 291 1986 esse
303 1920 444 1984 mortale.
465 1938 535 2003 ergo
549 1919 576 1982 si
588 1920 691 1986 anima
706 1920 869 2000 diuiditur,
883 1940 990 2003 corpus
1002 1923 1063 1986 est:
1079 1923 1107 1986 si
1122 1939 1229 2003 corpus
1242 1921 1298 2000 est,

167 2042 289 2090 neeesse
315 2026 363 2088 est
391 2025 433 2088 sit
453 2040 503 2086 res
522 2023 591 2104 ipsa
612 2024 768 2103 mortalis,
784 2024 909 2107 oprepio
923 2026 1035 2091 erroris
1051 2025 1146 2091 istius
1161 2044 1197 2091 ec
1211 2045 1300 2107 prae-

126 2126 461 2195 saclaracomitootio.
493 2128 667 2191 maximum
678 2127 765 2192 nobis
777 2126 955 2193 bneficium
966 2146 1001 2193 er
1013 2128 1075 2193 ista
1084 2128 1300 2209 consequentia

167 2231 340 2298 confertur:
369 2232 552 2296 commentis
576 2231 709 2296 istarum
735 2251 898 2314 caporum
920 2232 1049 2296 caimos
1078 2230 1191 2295 oetioot
1210 2232 1215 2313 t
1236 2248 1301 2296 esse
1318 2245 1411 2289 roras.

168 2334 321 2400 mortalis.

213 2439 264 2505 Sic
279 2440 367 2517 sunt,
383 2439 586 2504 sacratissimi
602 2440 819 2523 imperatores,
842 2440 993 2506 elementa
1013 2458 1031 2503 a
1048 2437 1178 2520 perditis
1199 2436 1330 2502 homi-o
1396 2499 1398 2511 ,

169 2542 262 2607 nibus
274 2543 458 2607 consecrata.
470 2541 524 2606 sed
536 2543 637 2608 adhue
647 2545 812 2627 supersunt
823 2543 902 2609 etiae
913 2541 1155 2627 superstitiones,
1169 2558 1301 2623 quarum

133 2647 288 2710 assecreta
302 2645 464 2728 pandenda
476 2647 563 2711 sunt:
580 2646 684 2712 Liberi
699 2648 731 2712 et
742 2647 885 2725 Liberae,
907 2664 985 2728 quae
1002 2645 1105 2709 omnia
1120 2642 1214 2709 sacris
1232 2661 1301 2708 sen-

170 2749 257 2813 sibus
271 2750 384 2815 uestris
399 2749 572 2832 specialiter
586 2749 759 2814 intimanda
774 2751 861 2827 sunt,
877 2750 914 2813 ut
929 2748 960 2813 et
974 2748 1088 2813 inistis
1103 2746 1238 2830 profanis
1252 2763 1301 2810 re-

170 2838 339 2935 ligionibus
354 2852 459 2916 suetis
476 2853 591 2916 mortes
607 2870 672 2917 esse
687 2852 848 2917 hominum
863 2854 1062 2917 consecratas.
1089 2835 1182 2915 Liber
1196 2851 1302 2932 itaque

169 2954 254 3017 Iouis
269 2953 333 3018 fuit
356 2954 456 3032 filius,
479 2955 562 3040 regis
588 2954 707 3020 scilicet
722 2952 843 3019 Cretici.
875 2953 1012 3017 hiscum
1030 2951 1140 3017 fuisset
1161 2951 1303 3016 adultera

170 3057 272 3122 matre
295 3058 492 3140 progenitus,
515 3057 711 3122 nutriebatur
725 3058 802 3140 aput
811 3058 933 3139 patrem
954 3055 1123 3120 studiosius
1139 3073 1233 3135 quam
1248 3053 1301 3117 de-

130 3176 161 3216 a:
171 3159 269 3224 cebet.
296 3160 479 3238 morlonis,
496 3161 546 3225 cui
562 3160 672 3225 Iunoni
687 3160 750 3225 fuit
763 3178 884 3237 nomen,
898 3158 1070 3223 nouercalis
1087 3157 1185 3222 enimi
1200 3156 1303 3221 furore

170 3262 324 3326 commota
340 3261 379 3326 ad
394 3281 501 3327 necem
520 3262 649 3328 infantis
670 3262 870 3328 omnifariam
892 3261 1020 3345 parabat
1040 3258 1178 3325 insidiis.
1210 3258 1331 3342 profi-2

171 3363 288 3428 ciscens
300 3355 428 3447 peregre
442 3365 539 3447 pater,
555 3365 629 3447 quia
642 3364 871 3449 indignationes
886 3364 996 3429 unitas
1008 3362 1122 3427 sciebat
1137 3362 1249 3441 ureris,
1265 3380 1303 3428 ne

171 3466 246 3548 quid
261 3466 299 3531 ab
314 3466 395 3531 irata
414 3467 545 3533 muliere
560 3468 629 3532 dolo
645 3467 748 3546 fieret,
769 3467 903 3548 idoneis,
935 3466 1015 3531 sicut
1041 3465 1101 3530 sibi
1127 3464 1303 3542 uidebatur,

170 3568 349 3633 custodibus
362 3570 494 3635 tutelam
505 3570 637 3635 credidit
647 3570 715 3635 filii.
732 3572 806 3635 tunc
817 3571 893 3635 Iuno
905 3571 1109 3653 opportunum
1120 3568 1304 3634 insidiarum

128 3673 281 3737 sonancta
307 3673 430 3753 tempus
456 3675 489 3738 et
514 3692 550 3737 ex
575 3672 633 3739 hoc
646 3673 759 3738 fortius
785 3672 993 3752 inflammata,
1011 3672 1084 3755 quia
1109 3672 1303 3753 proficiscens

223 3911 424 3967 lconstruitur
437 3912 478 3965 P:
491 3912 696 3966 constituitote
747 3912 854 3965 fenim
867 3913 923 3965 Pa:
937 3911 1025 3965 iera
1040 3926 1092 3965 rec.
1146 3910 1302 3967 3stimu1is

169 4014 204 4050 a:
218 3999 323 4052 st......
336 4015 369 4051 m.
383 4004 472 4066 caus,
485 3998 599 4053 surculis
610 4016 644 4053 oi
658 4014 711 4053 reo.
758 3998 909 4067 iper..eit
920 4002 1051 4064 maces,
1064 3996 1196 4065 perficito
1242 3998 1304 4058 5nt

170 4082 503 4152 comatisquamfacilea
555 4084 635 4140 bsua
647 4085 686 4137 P:
705 4082 762 4138 eius
775 4101 793 4137 α
846 4084 965 4140 7etom.
979 4099 998 4136 o
1050 4080 1089 4137 10
1106 4098 1199 4150 quem.
1214 4091 1302 4152 uitiis,

171 4184 223 4236 quo
240 4186 273 4223 m.
287 4185 340 4224 reo.
364 4170 377 4237 ΙΙ
400 4170 545 4239 separatim
558 4188 576 4223 a
635 4170 669 4226 11
690 4172 718 4224 et
739 4171 767 4224 P
785 4186 844 4225 aea
863 4170 992 4224 disiecta
1014 4169 1026 4236 ΙΙ
1050 4168 1139 4221 uerius
1153 4169 1192 4222 P:
1211 4185 1304 4224 nerum

170 4253 234 4307 edd.
290 4255 326 4311 12
345 4254 414 4323 quod
427 4271 521 4324 corpus
535 4257 574 4311 P:
593 4255 765 4324 quodantam
777 4259 925 4326 eorpnsest
939 4254 998 4309 cdd.
1050 4253 1088 4309 14
1109 4256 1304 4310 reaetlitteraa

170 4356 240 4403 mor,
260 4356 330 4409 pace
346 4358 465 4409 prorsus
488 4348 678 4411 mouerant,
702 4343 824 4397 restituit
848 4342 887 4396 ert.
909 4342 1001 4410 princ
1058 4340 1094 4399 15
1112 4344 1232 4394 ct....ta
1244 4342 1271 4395 P

174 4426 211 4482 16
230 4443 361 4496 nugarum
374 4445 397 4482 e.
411 4444 436 4481 u.
450 4430 590 4483 Bursian:
609 4428 809 4483 absurditatum
829 4428 932 4483 animes
946 4426 1040 4481 uolunt
1057 4441 1088 4487 ας
1115 4427 1256 4495 scriptura
1272 4428 1306 4482 ia

169 4512 201 4567 P
213 4529 331 4581 prorsuis
349 4515 466 4569 cuonoit
517 4514 554 4573 28
573 4515 669 4569 mulier
683 4516 710 4569 P
762 4514 800 4573 29
818 4514 875 4570 filio
888 4515 915 4568 P
961 4511 1000 4569 30
1017 4512 1168 4565 nanctaP:
1186 4514 1307 4567 nactae

1055 4602 1099 4667 6*
