3300 5142
338 493 388 574 48⁹
766 507 914 578 Sulpicii
937 507 1051 564 Scucri

343 663 552 740 renascere,
565 663 616 730 uel
627 663 722 747 Syrus
736 664 821 746 lepra
833 667 992 749 purgatus,
1007 663 1059 729 uel
1070 661 1163 728 famis
1176 664 1315 746 tempore
1327 663 1468 730 omnium

340 783 442 831 rerum
453 767 539 849 copia
546 765 663 852 fugatis
673 765 813 831 hostibus
820 767 950 845 inuecta,
959 765 1011 832 uel
1022 767 1054 832 in
1064 783 1156 830 usum
1166 766 1264 830 trium
1275 767 1465 832 exercituum

338 885 432 950 aquae
446 869 611 952 praebitae,
627 869 677 934 uel
694 869 732 934 de
747 869 857 954 exiguo
867 869 927 935 olei
940 869 1103 935 inmodicis
1115 868 1311 939 incrementis
1325 869 1463 934 solutum

310 979 327 1036 5
338 971 478 1038 mulieris
493 972 634 1037 debitum
649 973 681 1038 et
694 972 754 1054 ipsi
769 973 926 1038 sufficiens
939 971 1066 1037 uiuendi
1079 971 1254 1036 substantia
1266 972 1348 1038 data.
1370 971 1465 1037 huius

338 1074 536 1157 temporibus,
548 1077 584 1140 ut
598 1075 741 1155 diximus,
750 1074 898 1141 Ooboaiaa
912 1077 1043 1141 duarum
1056 1075 1196 1140 tribuum
1209 1076 1274 1140 erat
1284 1093 1346 1153 rer,
1358 1076 1464 1140 decem
1484 1091 1503 1132 ι

337 1193 409 1242 uero
424 1177 541 1255 loram,
562 1179 598 1242 ut
612 1195 703 1260 supra
716 1179 894 1257 retulimus,
916 1178 1102 1261 imperabat:
1124 1178 1264 1260 interque
1284 1195 1335 1242 eos
1356 1177 1464 1242 ioedus

338 1279 444 1345 ictum.
460 1299 532 1346 nam
546 1282 578 1345 et
591 1282 754 1346 aduersm
766 1281 857 1365 Syros
871 1281 984 1348 iunctis
998 1281 1117 1346 uiribus
1131 1280 1291 1359 bellatum,
1307 1282 1340 1345 et
1352 1282 1462 1345 aduer-

338 1399 407 1446 sum
430 1383 500 1462 Ieu,
528 1383 581 1466 qui
603 1403 656 1466 per
677 1385 858 1467 prophetam
880 1385 914 1449 in
933 1403 1039 1468 regem
1066 1384 1172 1449 decern
1191 1383 1331 1447 tribuum
1351 1385 1463 1450 unctus

338 1483 447 1565 luerat,
462 1486 576 1568 pariter
590 1486 623 1551 in
637 1487 787 1568 proelium
802 1486 917 1571 egressi
931 1487 1038 1552 eadem
1052 1505 1156 1570 pugna
1168 1486 1318 1552 interiere.

287 1593 328 1659 la
380 1587 439 1654 Sed
460 1609 589 1674 regnum
605 1590 706 1655 loram
723 1591 778 1656 Ieu
799 1590 909 1656 tenuit.
927 1587 1166 1671 postOchoaiam
1181 1588 1214 1653 in
1226 1588 1340 1654 Iudaea
1347 1605 1461 1672 regem,
1470 1599 1499 1640 ¹⁰

338 1692 391 1774 qui
406 1709 465 1756 uno
480 1709 556 1758 auno
570 1691 726 1776 regnauit,
748 1694 848 1758 mater
868 1693 933 1758 eius
947 1691 1093 1758 Gotbolia
1113 1691 1275 1775 imperium
1291 1690 1461 1773 occupauit,

338 1795 480 1876 adempto
494 1795 596 1876 nepoti
611 1795 753 1876 imperio,
775 1795 870 1860 etiam
883 1795 953 1859 tum
965 1813 1061 1876 paruo
1074 1811 1181 1876 puero,
1205 1794 1255 1858 oui
1269 1795 1338 1858 loas
1351 1810 1462 1858 nomen

199 1881 204 1892 ’
338 1896 409 1962 fuit.
432 1897 485 1962 sed
499 1897 572 1962 huic
586 1897 624 1961 ab
639 1897 710 1962 auia
728 1898 922 1980 praereptum
935 1897 1101 1980 imparium
1121 1898 1191 1978 post
1210 1897 1277 1960 octo
1292 1895 1355 1960 iere
1368 1911 1461 1960 annos

309 2014 392 2082 uper
406 2000 574 2065 sacerdotes
589 2001 621 2064 et
634 2000 782 2082 populum
797 1999 924 2082 depulsa
937 1999 1008 2065 auia
1020 1999 1185 2064 redditum.
1206 1999 1258 2063 hio
1272 1997 1360 2062 initio
1374 1998 1461 2081 regni

339 2101 624 2168 obseruantissimus
635 2102 734 2168 diuini
749 2103 851 2168 cultus
862 2100 924 2168 luit
933 2103 1114 2186 magnisque
1124 2101 1299 2183 sumptibus
1309 2099 1462 2182 templum
1470 2120 1496 2160 ra

338 2205 509 2270 exornauit:
529 2206 599 2287 post
618 2205 790 2270 adulatione
809 2206 983 2288 principum
1004 2206 1187 2287 depracatus
1207 2204 1409 2286 adoratusque
1422 2203 1462 2268 ab

338 2308 380 2373 eis
402 2308 481 2372 iram
503 2307 624 2373 meruit.
655 2327 785 2390 namque
808 2309 836 2373 ei
857 2308 974 2374 Arabel
998 2326 1051 2372 rer
1072 2306 1176 2391 Syriae
1197 2307 1314 2372 bellum
1335 2305 1460 2371 intulitt

336 2409 550 2490 inclinatisque
565 2409 655 2474 rebus
670 2410 733 2473 suis
748 2428 820 2474 auro
835 2411 945 2492 templi
959 2428 1065 2493 pacem
1079 2410 1218 2474 redemit.
1237 2427 1294 2474 nec
1306 2411 1411 2474 tamen
1424 2427 1461 2473 ea

336 2511 452 2593 potitus
467 2511 522 2588 est,
538 2509 613 2575 iacti
627 2511 777 2576 inuidiae
791 2512 855 2576 suis
869 2511 1048 2576 interiectus
1061 2530 1139 2577 auno
1153 2512 1276 2595 imperii
1290 2512 1459 2595 quadrage-

309 2613 424 2678 ssimo.
447 2612 519 2677 huic
538 2613 682 2678 Amassia
701 2613 783 2678 filius
803 2614 957 2680 successit.
980 2615 1067 2680 utin
1087 2617 1173 2697 parte
1194 2615 1299 2679 decem
1320 2614 1496 2678 tribuum»

337 2713 479 2780 defuncto
494 2716 549 2780 leo
564 2716 688 2780 Ioachas
708 2715 790 2780 filius
805 2716 871 2782 eius
884 2717 1040 2800 regnauit,
1062 2717 1181 2784 inuisus
1195 2718 1260 2782 Deo
1281 2717 1372 2781 malis
1386 2734 1458 2798 ope-

336 2817 431 2896 ribus,
447 2817 485 2882 ob
500 2837 577 2900 quae
590 2837 720 2900 regnum
735 2819 800 2884 eius
815 2818 900 2902 Syris
914 2821 1043 2902 praedae
1056 2819 1134 2898 fuit,
1156 2821 1252 2885 donec
1264 2820 1323 2886 Dei
1337 2819 1459 2884 miseri·

308 2920 440 2988 soordiu
453 2919 588 3002 depulsis
603 2921 742 2984 hostibus
761 2921 928 3003 pristinum
941 2923 1052 2988 habere
1066 2924 1183 2988 statum
1197 2923 1367 3005 coeperunt.
1389 2922 1459 2986 Ioa-

338 3023 409 3088 obas
429 3023 511 3087 diem
532 3021 654 3088 inunctus
676 3023 746 3088 loae
768 3023 832 3088 filio
853 3025 980 3108 reliquit
1000 3045 1139 3109 regnum.
1162 3025 1190 3089 is
1211 3025 1371 3090 rimassiae
1391 3025 1458 3108 regi

338 3125 467 3190 duanam
487 3125 626 3190 tribuum
647 3125 738 3190 ciuile
752 3127 870 3192 bellum
883 3127 1005 3193 intulit:
1020 3127 1182 3192 uictoriam
1196 3128 1313 3210 potitus
1326 3127 1494 3192 mulianas

337 3229 479 3309 praedam
501 3228 534 3293 in
556 3247 685 3312 regnum
707 3247 797 3294 suum
819 3232 978 3296 conuertit.
1006 3231 1039 3295 id
1061 3231 1219 3300 Amassiae
1246 3231 1285 3294 ob
1310 3229 1457 3295 delictum

440 3396 659 3468 rervmgo.
703 3399 943 3470 131vseg.11.
991 3399 1166 3469 rowaeg.
1188 3401 1232 3456 13.
1281 3400 1318 3455 23
1337 3399 1375 3452 1v
1392 3397 1455 3467 aeg.

339 3483 572 3540 14.11Pcr.23.
609 3483 647 3540 ao
665 3483 693 3538 11
711 3484 770 3539 Par.
790 3485 836 3545 25.

388 3621 403 3678 1
423 3621 596 3676 resuscitatus
614 3582 650 3676 br
668 3639 716 3678 om.
731 3623 758 3677 P
788 3626 800 3692 ΙΙ
831 3622 874 3677 uel
886 3630 983 3692 quater
1003 3624 1031 3677 P
1046 3623 1113 3689 (acal.
1131 3623 1156 3686 l,
1179 3624 1289 3690 nocet,
1312 3629 1344 3674 at
1364 3622 1404 3674 ait
1423 3620 1458 3674 dc

335 3705 448 3773 Prolo):
466 3721 514 3760 om.
534 3708 550 3761 b
555 3727 565 3776 ,·
583 3708 617 3774 cf.
637 3708 701 3762 lad.
720 3710 794 3763 ucrb.
849 3710 868 3765 3
885 3725 968 3777 aquae
985 3708 1121 3777 praebitus
1139 3709 1166 3762 b:
1190 3709 1267 3776 aquis
1283 3707 1414 3776 praebitis
1432 3705 1458 3759 P

387 3791 404 3848 7
417 3791 543 3846 aduersus
556 3792 634 3862 Syros
647 3794 662 3847 b
707 3793 726 3850 8
738 3795 781 3847 iau
794 3793 821 3847 P
832 3797 876 3861 (ab
888 3811 921 3847 cx
933 3791 1101 3859 LXX’lper'r
1112 3795 1180 3847 coni
1193 3794 1340 3860 Dmciuol:
1352 3791 1422 3846 Jebu
1433 3791 1456 3854 b,

336 3883 361 3932 ct
372 3879 412 3932 sic
423 3877 551 3946 deinceps
605 3877 642 3936 10
658 3881 718 3948 post
730 3879 870 3935 choriam
882 3879 910 3932 in
923 3879 944 3932 Ι.
956 3895 1045 3948 regem
1062 3879 1093 3933 G.
1108 3879 1233 3934 Richter:
1246 3879 1333 3946 posito
1344 3876 1458 3933 chozia

335 3963 483 4030 (ocbororia
495 3964 533 4033 P)
545 3963 572 4016 iu
585 3963 686 4018 Judaca
698 3963 786 4032 (iudea
799 3965 837 4034 P)
848 3981 910 4032 rege
922 3965 964 4017 Pb
1018 3964 1055 4021 14
1073 3963 1222 4018 mcordotes
1234 3965 1273 4018 P:
1296 3963 1458 4016 sacerdotem

336 4049 367 4116 b,·
385 4051 420 4114 cs.
435 4054 458 4117 1,
471 4053 546 4117 50,1
609 4049 646 4108 15
664 4048 739 4103 diuni
757 4050 784 4104 P
848 4049 884 4106 16
901 4052 962 4118 post
978 4049 1156 4103 adulationem
1172 4049 1229 4117 Pb,
1253 4064 1299 4102 cra.
1319 4047 1458 4102 Giaclim

389 4131 426 4189 17
444 4133 511 4187 irarn
530 4135 569 4189 P:
587 4133 637 4188 Dei
654 4134 722 4188 iram
738 4135 769 4202 b;
788 4135 823 4200 cf.
847 4134 1458 4203 ovsoa.11,24,1o:etfaetaestiraeontra

336 4217 433 4272 Judam
445 4221 473 4272 ot
484 4219 631 4273 Jerusalem
649 4221 660 4286 ΙΙ
677 4219 777 4274 Haracl
794 4219 917 4274 Draaias
968 4221 1008 4278 20
1023 4221 1145 4275 smmis
1156 4221 1212 4288 (ael
1223 4219 1458 4289 smminybra-

335 4303 393 4358 sias
456 4303 494 4360 22
512 4303 545 4357 ob
558 4321 607 4373 que
620 4305 648 4358 in
659 4321 769 4372 regnum
781 4303 839 4358 cius
850 4305 1022 4374 airiapraeda
1032 4307 1087 4360 init
1097 4307 1137 4370 P,
1156 4322 1201 4360 cta
1215 4306 1275 4360 iab
1336 4305 1375 4361 24
1392 4304 1457 4358 Joae

336 4389 370 4444 dc
386 4387 487 4444 Proto:
505 4388 588 4444 Jobao
605 4391 648 4444 Pb
710 4390 749 4446 24
766 4389 895 4444 amassiae
906 4392 935 4445 P
995 4393 1034 4452 25
1050 4391 1191 4447 uictoriam
1203 4393 1243 4446 P:
1260 4389 1424 4460 materiaque
1440 4390 1457 4444 b

390 4473 428 4532 26
446 4473 548 4529 idaea:
567 4475 591 4529 is
603 4477 641 4539 P,
660 4475 767 4546 idqucb
789 4476 802 4544 11
825 4475 1034 4532 obllmasaiacb
