3300 5142
343 508 405 572 166
764 501 912 572 Sulpicii
930 499 1046 558 Seueri

341 660 469 736 sticum,
503 660 534 724 et
563 677 634 723 cum
660 656 857 734 comedisset,
892 657 1049 722 abscessit.
1082 675 1137 722 nos
1166 658 1243 724 baec
1262 657 1415 725 intuentes
1435 663 1469 725 et

341 761 441 828 adhuc
455 762 623 828 trementes
638 758 730 824 facile
744 759 903 842 potuimus
917 759 1097 843 expendere,
1120 763 1236 844 quauta
1260 761 1293 827 in
1317 761 1372 826 illc
1396 761 1467 828 fidei

340 863 441 928 uirtus
464 863 495 928 et
510 863 626 945 quanta
640 860 674 925 in
687 861 775 926 nobis
790 862 870 927 esset
883 859 1057 926 infirmitas.

293 965 330 1030 ll
382 965 492 1030 Alium
518 982 612 1046 aeque
639 962 828 1048 singularem
852 963 957 1028 uirum
981 964 1134 1044 uidimus,
1157 983 1252 1048 paruo
1272 967 1412 1050 tugurio,
1434 966 1466 1032 in

339 1085 399 1152 quo
413 1086 474 1134 non
488 1067 549 1134 nisi
564 1084 643 1130 nnus
657 1065 751 1148 recipi
765 1068 883 1148 posset,
905 1065 1107 1132 habitantem.
1137 1066 1176 1132 de
1201 1067 1259 1132 hoc
1283 1067 1364 1132 illud
1388 1068 1466 1134 fere-
1489 1085 1511 1125 ι

339 1171 445 1249 batur,
469 1170 550 1252 quod
570 1169 599 1233 ei
613 1169 687 1252 lupa
707 1168 799 1234 solite
819 1169 899 1232 esset
914 1169 1035 1234 adstare
1050 1169 1187 1248 cenanti,
1209 1187 1264 1234 nec
1278 1168 1370 1235 facile
1395 1191 1465 1236 um·

339 1291 432 1356 quam
447 1272 547 1338 bestia
562 1269 734 1350 falleretur,
757 1271 832 1353 quin
852 1271 902 1334 illi
922 1271 961 1336 ad
981 1271 1157 1355 legitimam
1170 1271 1278 1337 horam
1292 1271 1466 1338 refectionis

339 1377 508 1441 occurreret
528 1376 646 1439 ettam
661 1371 715 1438 diu
736 1391 790 1457 pro
805 1371 923 1438 foribus
938 1375 1124 1455 expectaret,
1147 1373 1242 1438 donec
1266 1374 1320 1440 ille
1344 1394 1465 1458 panem,

338 1479 392 1562 qui
418 1477 542 1542 cenulae
568 1475 781 1559 superfuisset,
804 1475 941 1541 offensi:
975 1476 1064 1541 illam
1087 1496 1216 1542 manum
1240 1477 1305 1542 eius
1330 1477 1466 1544 lambere

339 1581 478 1659 solitam,
491 1581 589 1663 adque
604 1579 649 1644 ita
664 1579 751 1662 quasi
767 1579 882 1662 inpleto
897 1577 997 1644 officio
1012 1580 1045 1644 et
1058 1579 1209 1660 praestita
1223 1579 1466 1646 consalutatione
1474 1600 1509 1640 ro

309 1680 499 1754 adiscedere.
522 1682 575 1747 sed
600 1681 679 1748 forto
703 1681 832 1760 accidit,
855 1683 891 1746 ut
911 1684 1035 1746 sanctus
1060 1680 1129 1760 ille,
1152 1682 1228 1746 durn
1243 1681 1388 1760 fratrem,
1410 1683 1466 1766 qui

337 1785 376 1850 ad
401 1803 472 1850 eum
497 1786 638 1862 uenerat,
661 1783 786 1850 deducit
806 1783 986 1862 abeuntem,
1009 1783 1127 1848 diutius
1142 1784 1262 1849 abesset
1287 1787 1319 1850 et
1343 1785 1465 1850 nonnisi

337 1889 505 1954 subnecte
531 1887 688 1950 remearet.
712 1885 837 1950 interim
862 1884 962 1952 bestia
988 1886 1029 1951 ad
1055 1887 1358 1952 consuetudinarium
1384 1887 1465 1954 illud

337 2009 426 2056 cenae
451 1991 573 2072 tempus
605 1989 744 2053 occurrit.
780 2007 911 2056 uacuam
932 1987 1090 2066 cellulam,
1115 2007 1186 2054 cum
1201 1988 1388 2056 familiarem
1407 2010 1464 2072 pa·

337 2095 459 2160 tronum
487 2091 591 2158 abesse
618 2089 761 2169 sentiret,
795 2091 949 2176 ingressa,
978 2090 1126 2156 curiosius
1152 2092 1310 2174 explorans
1336 2092 1464 2158 ubinam
1474 2113 1503 2153 rs

336 2197 416 2262 esset
431 2195 596 2260 habitator.
621 2212 692 2258 casu
707 2193 852 2278 contigua
868 2213 938 2259 cum
953 2193 1082 2278 panibus
1098 2193 1232 2277 quinque
1248 2194 1393 2276 palmicia
1409 2196 1464 2259 lis·

308 2299 414 2368 emila
428 2297 589 2381 pendebat.
613 2315 649 2362 er
663 2295 712 2361 his
728 2315 823 2362 rmum
839 2315 1034 2378 praesumens
1046 2297 1188 2376 deuoret,
1205 2297 1276 2363 dein
1286 2301 1464 2381 perpetrato

336 2402 447 2468 scelere
463 2401 601 2466 discedit.
626 2418 781 2484 regressus
808 2400 937 2466 eremita
962 2400 1050 2466 uidet
1075 2399 1247 2481 sportulam
1268 2399 1463 2479 dissolutam,

335 2521 395 2569 non
421 2504 611 2568 constantem
636 2521 749 2584 panum
774 2520 953 2568 numerum:
976 2503 1123 2568 damnum
1149 2502 1194 2568 rei
1228 2501 1393 2568 familiaris
1413 2503 1464 2568 in-

306 2605 458 2690 stellegit
472 2625 507 2670 ac
521 2623 613 2686 prope
628 2605 722 2670 limen
737 2602 824 2686 panis
845 2604 1001 2687 absumpti
1023 2605 1198 2689 fragmenta
1220 2606 1384 2690 cognoscit.
1408 2607 1502 2672 sedeo

334 2725 394 2774 uon
409 2708 475 2774 crat
489 2708 606 2773 incerte
619 2705 767 2788 suspicio,
784 2725 863 2788 quae
878 2706 997 2772 lurtum
1010 2726 1139 2791 persona
1153 2706 1285 2774 fecisset.
1302 2725 1375 2792 ergo
1390 2728 1463 2774 cunr

334 2809 531 2892 sequentibus
547 2809 655 2875 diebus
670 2808 838 2874 secundum
849 2809 1099 2876 consuetudinem
1110 2811 1210 2876 bestia
1220 2827 1281 2877 non
1292 2810 1461 2876 ueniret-

334 2913 483 2979 nimirum
509 2911 634 2978 audacis
660 2911 736 2978 facti
763 2911 884 2978 conscia
909 2912 948 2978 ad
968 2931 1039 2978 eum
1054 2913 1158 2979 uenire
1173 2913 1387 2992 dbsimulans,
1411 2914 1462 2979 cni

334 3016 457 3082 lecisset
472 3014 618 3080 iniuriam
629 3052 685 3093 -,
708 3032 798 3098 aegre
813 3014 989 3098 patiebatur
1003 3016 1131 3082 eremita
1145 3035 1178 3082 se
1192 3017 1335 3082 domnae
1347 3017 1462 3082 solacio

306 3120 529 3185 edestitutum.
546 3119 699 3200 postremo
714 3116 799 3182 illius
814 3117 950 3182 oratione
965 3120 1108 3183 reuocata
1119 3118 1286 3200 septimum
1296 3121 1366 3202 post
1377 3119 1460 3184 diem
1471 3141 1499 3182 ss
1626 3202 1627 3215 ἵ

335 3221 451 3299 adluit,
473 3223 509 3286 ut
530 3219 647 3286 solebat
668 3220 754 3298 ante,
788 3219 920 3284 cenanti.
953 3220 1023 3298 sed,
1046 3221 1083 3284 ut
1103 3220 1194 3286 facile
1215 3239 1351 3288 cerneres
1372 3241 1459 3287 uere·

334 3323 476 3388 cundiam
491 3322 693 3407 paenitentis,
716 3339 776 3387 non
791 3341 866 3388 ausa
880 3321 1005 3405 propius
1026 3322 1182 3400 accedere,
1205 3323 1332 3389 deiectis
1348 3323 1380 3388 in
1395 3327 1459 3389 ter-

334 3445 401 3492 ram
414 3425 563 3508 profundo
590 3427 704 3508 pudore
724 3423 909 3502 luminibus,
933 3423 1014 3506 quod
1039 3424 1145 3508 palam
1169 3425 1283 3490 licebat
1307 3426 1459 3510 intellegi,

334 3529 487 3611 quandam
508 3527 630 3594 ueniam
650 3527 846 3610 precabatur:
870 3545 963 3610 quam
987 3526 1074 3592 illius
1099 3526 1305 3593 confusionem
1331 3528 1462 3594 eremita
1624 3574 1627 3763 l

385 3783 518 3843 eunus*
537 3786 549 3852 ΙΙ
571 3782 869 3854 posserstus'detar,
887 3781 1015 3850 possitV
1081 3780 1251 3850 Glupaeic
1273 3783 1284 3850 ΙΙ
1307 3781 1458 3836 essetBV:

333 3869 474 3924 eratAllb
538 3869 679 3938 &praeV
748 3867 786 3924 10
804 3866 1016 3922 consalutatione
1036 3867 1070 3921 dc
1089 3867 1193 3921 Proto:
1220 3866 1400 3920 consulatione
1425 3867 1459 3931 V,

332 3954 509 4010 consolatione
521 3955 594 4010 aas
664 3955 701 4012 12
719 3951 898 4022 deduceretQ
918 3953 931 4021 ΙΙ
953 3953 1109 4008 nonom.V
1177 3953 1215 4009 14
1231 3952 1460 4022 tempusuenicns

332 4055 442 4094 uacuam
458 4040 480 4110 Q
546 4040 582 4098 16
601 4057 664 4095 casu
676 4040 742 4095 AV:
761 4038 883 4093 causaF
902 4039 915 4106 ll
937 4037 1133 4108 palmitiaAF
1151 4038 1164 4105 ll
1186 4036 1287 4092 fiscella
1299 4037 1363 4091 BV:
1383 4053 1457 4107 spor·

330 4124 398 4180 tella
409 4127 480 4182 AFc
550 4127 586 4184 17
605 4125 752 4196 praesumit
764 4126 791 4179 et
803 4123 914 4178 deuoret
930 4123 1003 4178 aas
1025 4124 1037 4192 ll
1060 4123 1180 4178 deindec
1252 4122 1290 4180 18
1307 4122 1415 4176 erinnita
1434 4123 1463 4178 V

342 4211 354 4279 ΙΙ
376 4210 451 4265 uidet
463 4213 527 4267 ΒΜ
529 4213 566 4268 V:
585 4212 656 4266 uidit
672 4209 744 4266 ase
822 4208 859 4265 19
878 4211 1042 4267 constantem
1062 4225 1242 4279 pennarum
1266 4209 1301 4264 V:
1319 4211 1460 4264 constante

330 4295 430 4366 (stante
442 4296 483 4367 F)
494 4315 518 4366 p.
532 4313 639 4352 numero
650 4297 723 4352 aas
775 4293 814 4351 20
825 4295 999 4364 assumptiF
1046 4295 1084 4351 21
1098 4295 1249 4364 suspitioA
1302 4295 1340 4352 22
1353 4294 1461 4348 rennes

331 4381 397 4437 BV:
418 4383 615 4438 uenissetAFc
671 4381 709 4440 23
727 4379 882 4436 dissimulat
906 4379 941 4447 V,
959 4381 1025 4448 fort.
1046 4379 1235 4435 dissimulabat
1255 4381 1311 4448 (acl
1331 4379 1459 4435 dissimu-

330 4467 411 4538 lauit)
464 4467 502 4526 26
520 4471 647 4524 caenanti
659 4467 718 4538 (scd
731 4472 745 4521 t
756 4469 788 4524 tc
799 4466 868 4534 ras.)
879 4466 911 4520 F
