3300 5142
646 521 759 577 Chrou.
778 522 799 586 1,
824 521 942 580 35-37.
1035 527 1039 534 ⁴
1312 523 1354 590 39

236 681 387 758 aPaulo,
410 679 496 745 cuius
517 679 573 743 illu
593 677 776 761 praedicatio
803 676 948 757 refertur,
976 679 1069 744 etiam
1091 678 1241 744 Samuelis
1262 695 1355 743 annos

236 784 293 848 sub
314 782 396 867 regis
417 783 507 846 istius
529 781 628 846 aetate
649 781 832 846 numeratos.
854 780 990 864 plerique
1010 784 1128 860 tamen,
1151 781 1256 864 quide
1274 783 1385 845 tem-4

235 885 359 968 poribus
374 885 572 966 scripserunt,
596 902 670 948 xxx
692 903 762 948 eum
781 900 875 948 annos
894 903 1035 968 regnasse
1049 885 1283 960 annotauerunt,
1306 883 1356 946 cni

235 987 370 1071 opinioni
383 1007 574 1070 nequaquam
588 987 775 1065 accedimus,
793 1006 865 1052 nem
879 1007 915 1058 ea
928 988 1125 1068 tempestate,
1140 1006 1200 1070 qna
1214 986 1274 1051 Dei
1287 1005 1357 1050 arca

215 1091 269 1155 oin
283 1089 496 1156 cariathiarim
511 1090 658 1172 oppidum
673 1089 820 1154 translata
834 1092 895 1168 est,
917 1091 1048 1155 necdum
1062 1109 1186 1174 regnare
1201 1089 1274 1154 Saul
1288 1105 1355 1153 coe-

235 1194 335 1276 perat:
358 1191 489 1258 refertur
503 1194 607 1257 autem
621 1211 675 1274 per
688 1193 790 1256 Dauid
804 1212 909 1277 regem
923 1212 959 1258 ex
973 1193 1028 1257 illo
1042 1193 1152 1275 oppido
1166 1210 1268 1257 arcam
1282 1191 1355 1256 sub-

235 1294 345 1374 latam,
375 1314 445 1359 cum
466 1315 521 1376 per
542 1313 592 1359 xx
613 1311 706 1359 annos
728 1294 773 1358 ibi
795 1296 990 1361 constitisset.
1014 1313 1100 1381 ergo,
1129 1315 1200 1360 cum
1221 1295 1303 1360 intra
1322 1294 1355 1358 id

234 1399 355 1481 tempus
375 1397 448 1463 Saul
468 1397 641 1482 regnauerit
660 1399 751 1479 atque
771 1399 948 1478 decesserit,
970 1416 1063 1481 paruo
1077 1399 1243 1463 admodum
1257 1396 1355 1479 spatio

233 1501 334 1565 tenuit
347 1501 521 1582 imperium.
539 1501 645 1565 eadem
658 1500 745 1564 uobis
760 1501 797 1565 de
812 1501 1000 1584 temporibus
1015 1500 1165 1567 Samuelis
1179 1501 1287 1584 caligo,
1303 1497 1384 1581 quic

198 1629 225 1667 10
234 1603 290 1667 sub
296 1602 372 1668 Heli
386 1602 540 1668 sacerdote
553 1604 659 1681 natus,
675 1603 841 1667 admodum
856 1623 945 1668 senex
959 1604 1125 1669 sacerdotio
1140 1603 1263 1669 functus
1276 1602 1356 1667 refe·

232 1707 326 1771 ratur.
350 1725 369 1770 e
382 1705 537 1771 nonnullis
551 1706 669 1785 tumen,
693 1707 745 1788 qui
761 1707 798 1772 de
813 1707 1005 1790 temporibus
1025 1707 1185 1789 scripsere,
1208 1707 1280 1790 quia
1293 1705 1357 1770 lere

231 1809 310 1874 nihil
331 1810 369 1874 de
390 1809 456 1874 eius
477 1809 563 1873 aunis
584 1825 668 1874 sacre
687 1809 816 1874 historia
836 1809 972 1894 signauit
997 1829 1062 1876 ...a
1080 1809 1233 1893 plerisque
1252 1809 1356 1873 autem

231 1931 304 1977 Lxx
324 1913 411 1978 annis
430 1911 597 1994 praefuisse
619 1913 733 1995 'populo
753 1911 898 1978 refertur:
926 1914 981 1978 sed
1000 1914 1080 1978 unde
1100 1913 1174 1979 haec
1193 1910 1356 1977 auctoritas

232 2015 326 2081 fuerit
352 2016 509 2096 assumpta
533 2034 593 2080 non
613 2017 740 2097 repperi.
763 2033 817 2080 nos
838 2017 871 2080 in
889 2017 975 2080 tauta
995 2016 1103 2081 erroris
1118 2016 1210 2098 copia
1230 2013 1386 2080 (throni-6

198 2136 337 2184 rscorum
358 2117 584 2182 annotationem
606 2118 716 2196 secuti,
749 2119 822 2199 quia
843 2137 911 2183 eam
933 2138 968 2183 ex
989 2118 1206 2202 Apostolorum
1228 2116 1356 2194 actibus,

233 2221 313 2285 sicut
337 2220 476 2303 superius
496 2220 749 2300 memorabimus,
771 2219 938 2302 profectam
963 2221 1161 2299 arbitremur,
1184 2219 1357 2284 Samuelem

233 2324 265 2388 et
279 2322 402 2388 Saulem
417 2341 464 2388 xr.
479 2340 572 2388 annos
586 2323 792 2405 principatum
807 2323 905 2406 egisse
920 2323 1090 2388 referimus.

237 2505 240 2510 ¹
276 2426 348 2491 Saul
368 2426 526 2508 perempto
548 2425 650 2490 Dauid
675 2425 814 2490 interra
839 2425 1090 2509 Allophylorum,
1119 2425 1236 2506 perlato
1261 2425 1300 2490 ad
1324 2438 1407 2503 sear

233 2529 342 2594 mortis
357 2529 421 2593 eius
436 2527 559 2606 nuntio,
581 2529 659 2592 miro
678 2528 803 2610 pietatis
824 2529 960 2610 exemplo
979 2527 1099 2593 fleuissc
1118 2527 1260 2593 traditur.
1288 2528 1357 2592 tum

199 2630 372 2696 roChebron
393 2631 523 2696 Iudaeae
550 2631 697 2713 oppidum
723 2631 830 2713 petiit:
867 2630 912 2695 ibi
939 2650 1061 2695 rursum
1082 2631 1180 2714 regali
1201 2631 1356 2715 unguento

234 2733 335 2797 illitus
356 2753 407 2798 rer
429 2733 599 2815 appellatus
627 2734 682 2798 est.
710 2734 763 2798 sed
790 2733 948 2812 Abenncr,
976 2733 1029 2816 qui
1056 2733 1205 2817 magister
1225 2731 1387 2803 militiaea

230 2835 303 2901 Saul
322 2836 404 2920 regis
424 2835 539 2914 luerat,
561 2837 662 2918 spreto
676 2836 794 2914 Dauid,
817 2835 919 2900 Ishaal
939 2837 1020 2920 regis
1040 2835 1114 2900 Seul
1132 2835 1233 2900 filium
1253 2854 1356 2920 regem

229 2938 398 3004 constituit.
422 2938 535 3004 crebris
557 2938 665 3003 deinde
679 2939 801 3020 proeliis
816 2939 897 3003 inter
922 2939 1013 3003 duces
1032 2957 1141 3022 regum
1161 2957 1355 3003 concursum:

227 3041 334 3124 pulsus
349 3041 492 3107 Abenuer
507 3043 641 3123 saepius,
665 3040 791 3106 fratrem
806 3042 910 3107 tamen
925 3042 1013 3120 Ioab,
1035 3041 1088 3123 qui
1103 3059 1139 3104 ex
1152 3042 1238 3123 parte
1252 3040 1355 3106 Dauid

194 3167 219 3207 rs
228 3144 373 3209 exercitui
387 3145 540 3226 praeerat,
562 3143 683 3228 fugiens
698 3143 838 3226 peremit.
861 3130 921 3226 quo
936 3143 1038 3209 dolore
1051 3145 1157 3226 postes
1172 3144 1260 3222 Ioab,
1283 3162 1365 3209 cum‘

227 3265 259 3311 se
281 3247 423 3312 Abenuer
444 3246 546 3311 Dauid
567 3247 633 3330 regi
655 3246 838 3325 dedidisset,
861 3247 996 3331 iugulari
1016 3266 1087 3311 eum
1107 3247 1274 3329 praecepit,
1295 3264 1356 3312 nou

228 3349 293 3414 sine
315 3349 417 3414 dolore
438 3349 535 3432 regis,
564 3349 650 3414 cuius
678 3347 770 3413 fidem
798 3349 1018 3414 cruentauerat.
1048 3349 1211 3430 peridem
1233 3350 1386 3431 tempusa

331 3552 368 3609 18
385 3551 415 3605 11
432 3551 497 3623 Reg.
519 3553 543 3608 1.

230 3725 232 3732 “
280 3722 374 3781 lillic
395 3723 429 3777 de
452 3722 541 3776 Prato
608 3721 626 3778 3
650 3737 690 3776 xx
708 3723 831 3777 Dromas
849 3723 906 3777 coll.
926 3722 982 3776 Jos.
1001 3723 1068 3777 Ant.
1087 3725 1156 3779 hebr.
1183 3728 1271 3793 6,14,
1290 3729 1308 3778 9
1330 3726 1345 3794 ΙΙ

224 3808 274 3862 cni'
288 3809 315 3878 (i.
330 3826 350 3863 e.
364 3808 491 3879 cuius)P
539 3807 684 3863 4Domini
704 3809 720 3862 b
744 3810 757 3876 11
782 3807 862 3861 archa
882 3808 911 3862 in
932 3807 1354 3879 chariathirimoppidumtrans·

123 3913 129 3930 ¹
222 3894 319 3948 lath
364 3894 538 3962 breperstP
581 3893 833 3962 SqniP2utquib
881 3893 1351 3963 lOsubG.Rs'cbter:cume,·cfl

222 3979 244 4044 1,
259 3979 305 4043 30,
318 3979 504 4047 1.1127‚2p
521 3977 617 4046 hqliP
670 3979 1056 4036 11rererrornee2uerer²o
1108 3981 1146 4037 12
1157 3981 1279 4050 hystoria
1290 3999 1351 4052 syg-

223 4065 301 4118 nouit
317 4065 345 4119 P
367 4064 380 4131 ll
402 4081 418 4118 a
435 4064 568 4134 plerisque
586 4066 675 4118 eutem
693 4065 732 4119 P:
759 4079 807 4119 ora.
827 4064 858 4133 b;
876 4081 927 4119 soe
944 4067 1062 4120 laem
1077 4068 1187 4135 ciprum
1204 4066 1353 4122 adierim

276 4151 314 4207 14
332 4150 445 4219 reperit
499 4150 536 4206 16
553 4149 714 4204 arbitremur
732 4150 770 4204 P:
794 4149 984 4205 arbitramurb
1037 4151 1074 4207 17
1092 4150 1201 4205 Seulum
1218 4152 1258 4206 ed.
1283 4153 1350 4207 Vor-

230 4236 324 4289 stiana
376 4237 412 4292 21
427 4238 455 4290 et
466 4235 506 4292 24
516 4235 604 4290 Abner
615 4235 671 4303 Pb,
690 4235 737 4289 sed
750 4236 777 4289 P
787 4237 870 4302 infra
880 4254 907 4290 o.
921 4240 960 4290 26
971 4237 1094 4300 abenner,
1106 4243 1139 4291 at
1157 4243 1196 4291 est
1212 4239 1244 4292 in
1260 4237 1353 4292 LXX

218 4317 346 4392 Ἀβεννὴρ
417 4322 455 4378 22
467 4321 539 4391 regie
552 4321 616 4375 Saul
627 4323 736 4388 scripsi:
749 4322 821 4390 regis
833 4321 875 4375 sui
888 4322 944 4390 Pb,
957 4324 992 4388 cf.
1006 4324 1046 4376 H
1052 4322 1118 4392 Req.
1131 4325 1159 4392 2,
1171 4328 1203 4377 8:
1215 4323 1353 4397 ’Λρεννὴρ

234 4405 295 4466 υἱός
310 4407 374 4480 Νὴρ
392 4405 609 4481 ἀρχιστράτηγος
626 4405 719 4460 Σαοὺλ
737 4406 815 4476 ἔλαβε
833 4405 884 4462 τὸν
901 4403 1031 4477 'restore
1048 4407 1111 4462 υἱὸν
1128 4412 1177 4462 τοῦ
1193 4405 1287 4463 Σαούλ
1304 4415 1355 4463 etc.

276 4491 314 4547 26
332 4491 450 4546 dedisset
462 4492 505 4546 Pb
