3300 5142
313 622 315 625 .
358 563 399 627 38
768 560 911 616 Minucii
946 561 1073 616 Felicis

329 715 491 782 eliresias
512 735 617 782 meone
633 716 739 782 futura
757 715 902 796 uidebat,
929 717 982 800 qui
1003 719 1175 801 praesentia
1200 736 1260 784 non
1282 717 1418 783 uidebat.
1448 719 1491 784 de

357 820 455 904 Pyrro
470 819 587 884 llnnins
602 817 757 902 Apollinis
768 819 866 904 Pythi
880 837 1024 902 responsa
1039 821 1193 899 confinxit,
1209 840 1281 886 cum
1296 821 1358 886 iarn
1372 820 1491 904 Apollo

357 940 465 988 nereus
480 921 578 987 iucem
593 922 739 988 desisset:
755 923 842 987 onius
857 925 932 988 tuno
946 924 1072 990 cautum
1087 923 1167 989 illud
1188 925 1219 989 et
1234 925 1418 1009 ambiguum
1434 923 1492 988 de-

357 1025 432 1090 iecit
445 1025 618 1102 oraculum,
645 1044 716 1090 cnm
731 1026 763 1089 et
777 1025 935 1106 politiores
949 1026 1088 1092 homines
1110 1029 1142 1092 et
1157 1027 1260 1092 minus
1284 1025 1401 1092 creduli
1422 1045 1492 1092 esse

357 1130 530 1212 coeperunt.
548 1130 579 1193 et
593 1126 829 1208 Demosthenes,
856 1128 937 1211 quod
962 1130 1054 1194 sciret
1075 1147 1220 1212 responsa
1242 1129 1408 1207 simulata,
1433 1152 1525 1214 prr-r

358 1229 526 1313 λιππίζειν
541 1231 690 1316 Pythiam
706 1231 899 1314 querebatur.

239 1317 251 1341 '
329 1335 346 1391 7
400 1336 446 1402 at
459 1352 691 1418 nonnumquam
705 1336 810 1400 temen
824 1335 989 1401 nentatem
1005 1336 1056 1401 uel
1072 1335 1209 1418 auspicia
1229 1336 1280 1402 uel
1301 1335 1426 1400 oracula
1441 1337 1490 1401 te-

358 1438 506 1522 tigenmt.
537 1457 725 1521 quamquem
750 1439 833 1503 inter
861 1441 963 1505 multa
986 1440 1145 1505 mendacia
1165 1440 1266 1505 uideri
1280 1439 1381 1522 possit
1395 1439 1489 1504 indu-

359 1542 469 1607 striam
483 1559 571 1606 casus
585 1542 742 1621 imitatus,
769 1543 932 1627 adgrediar
952 1545 1056 1609 tamen
1071 1544 1188 1609 fontem
1210 1543 1314 1627 ipsum
1329 1543 1441 1607 erroris
1456 1544 1490 1607 et

358 1644 541 1727 prauitatis,
568 1645 649 1710 unde
663 1645 763 1710 omnis
779 1645 879 1730 caligo
899 1646 961 1711 ista
975 1646 1131 1725 manauit,
1158 1649 1190 1712 et
1212 1647 1308 1712 altius
1335 1664 1442 1710 eruere
1456 1647 1525 1710 etro
1619 1705 1620 1738 Ξ

359 1748 477 1830 aperire
488 1747 693 1813 manifestius.
710 1748 839 1832 spiritus
854 1751 927 1815 sunt
941 1749 1094 1829 insinceri,
1110 1748 1193 1835 uam,
1210 1749 1366 1815 conelesti
1381 1750 1491 1834 uigore
1619 1743 1620 1758 ¹

330 1851 487 1916 annonis
508 1850 631 1916 labibus
651 1853 683 1916 et
705 1851 929 1934 cupiditatibus
955 1852 1125 1938 degradati.
1153 1852 1207 1917 isti
1228 1853 1327 1937 igitur
1347 1852 1489 1934 spiritns,

358 1955 559 2036 posteaquam
574 1953 810 2037 simplieitatem
824 1955 1018 2021 substantiae
1039 1974 1112 2021 suae
1126 1956 1228 2021 onusti
1252 1957 1283 2020 et
1297 1955 1425 2020 inmersi
1440 1956 1490 2020 ui-

358 2057 413 2121 tiis
426 2057 640 2139 perdiderunt,
657 2057 696 2122 ad
711 2057 860 2123 solacium
882 2059 1070 2124 calamitatis
1091 2079 1163 2124 suae
1178 2077 1238 2125 non
1259 2059 1406 2124 desinunt
1420 2076 1490 2140 per-

360 2159 419 2224 diti
434 2161 498 2225 iam
512 2158 638 2243 perdere
652 2161 684 2224 et
698 2160 859 2244 deprauati
871 2179 1003 2227 errorem
1014 2162 1178 2244 prauitatis
1190 2161 1352 2227 munnere
1367 2161 1399 2227 et
1413 2161 1489 2228 alie·
1498 2181 1523 2222 u

330 2263 425 2334 enati
441 2282 459 2328 a
473 2264 538 2328 Deo
553 2262 689 2329 inductis
703 2264 807 2347 prauis
822 2263 1023 2349 religionibus
1045 2265 1141 2330 aDoe
1157 2283 1327 2350 segregare.
1359 2282 1411 2329 eos
1426 2264 1490 2347 spi-

359 2367 440 2432 ritus
455 2365 618 2432 daemones
633 2385 698 2432 esse
712 2369 819 2449 poetae
835 2367 951 2447 sciunt,
967 2367 1141 2451 philosophi
1157 2368 1327 2445 disserunt,
1349 2367 1490 2433 Socratae

360 2469 458 2548 nouit,
474 2469 527 2553 qui
542 2465 707 2534 adnutum
723 2471 755 2536 et
768 2469 934 2535 arbitrium
946 2470 1116 2537 adsidentis
1128 2471 1189 2537 sibi
1200 2471 1359 2536 daemonis
1370 2471 1420 2535 uel
1436 2470 1490 2536 de-

311 2572 497 2640 10clinabat
516 2572 642 2656 negotia
662 2573 712 2637 uel
731 2573 866 2656 petebat.
897 2573 984 2657 magi
1009 2593 1127 2656 quoque
1148 2592 1208 2639 non
1234 2575 1356 2640 tantum
1388 2575 1490 2640 sciunt

360 2676 543 2755 daemones,
559 2674 612 2740 sed
628 2676 722 2742 etiam
737 2676 884 2758 quioquid
899 2675 1043 2742 miraculi
1058 2676 1184 2755 ludunt,
1200 2696 1255 2759 per
1265 2676 1430 2742 daemonas
1441 2677 1489 2743 ie·
1498 2694 1524 2736 n
1619 2685 1620 2688 ’

361 2779 462 2844 ciunt:
489 2779 553 2844 illis
569 2778 799 2860 adspirantibus
814 2781 846 2844 et
862 2777 1096 2844 infundentibus
1111 2780 1296 2864 praestigias
1310 2781 1421 2859 edunt,
1437 2781 1490 2846 uel

312 2889 513 2964 11qnaenon
528 2883 600 2947 sunt
614 2880 730 2959 uideri,
746 2881 798 2946 uel
813 2901 892 2964 qnae
907 2883 980 2947 sunt
995 2900 1054 2946 non
1071 2883 1179 2948 uideri.
1207 2901 1312 2948 eorum
1326 2900 1489 2966 magorum

361 2985 393 3049 et
414 2985 534 3067 eloquio
556 2985 588 3050 et
601 2985 725 3069 negotio
747 2986 868 3069 primus
889 2985 1042 3050 Hostanes
1067 2985 1098 3049 et
1119 3004 1228 3050 uenum
1252 2987 1354 3050 Deum
1376 2985 1491 3050 merita

360 3087 524 3152 maiestate
539 3087 735 3171 prosequitur
749 3089 781 3152 et
796 3086 937 3171 angelos,
959 3087 992 3152 id
1008 3089 1054 3152 est
1069 3087 1229 3153 ministros
1244 3091 1276 3154 et
1290 3089 1414 3153 nuntios
1429 3087 1489 3154 Dei
1619 3167 1620 3170 Ἴ

361 3191 415 3255 sed
429 3190 505 3268 ueri,
521 3190 587 3255 eins
602 3190 791 3256 uenerationi
805 3190 894 3256 nouit
909 3191 1066 3268 adsistere,
1081 3192 1118 3256 ut
1133 3193 1164 3255 et
1178 3191 1257 3256 nutu
1271 3192 1337 3273 ipso
1351 3193 1383 3256 et
1397 3191 1524 3260 uultrrn
1619 3173 1620 3252 3

361 3293 478 3358 domini
493 3294 597 3359 territi
612 3296 864 3359 contremescunt.
881 3293 964 3359 idem
980 3293 1075 3358 etiam
1091 3293 1255 3360 daemonas
1274 3294 1411 3376 prodidit
1424 3296 1490 3359 ter-

312 3406 351 3460 12
361 3413 460 3474 renos,
473 3413 578 3480 uagos,
590 3396 795 3463 humanitatis
805 3397 956 3462 inimicos.
974 3397 1049 3479 quid
1060 3396 1162 3476 Plato,
1174 3396 1227 3479 qui
1239 3397 1377 3462 inuenire
1388 3397 1490 3461 Deum

416 3634 431 3690 1
451 3649 544 3688 caecus
554 3640 710 3702 suspectum
721 3634 841 3689 Dcuisio
893 3636 912 3692 2
930 3635 1028 3705 phyrro
1041 3637 1068 3690 P
1090 3637 1102 3705 11
1124 3637 1184 3706 pyti
1197 3637 1236 3700 P,
1249 3636 1345 3706 Pythii
1357 3652 1373 3689 r
1396 3637 1407 3704 ΙΙ
1430 3651 1490 3690 con·

361 3721 455 3775 fincxit
467 3721 495 3776 P
542 3720 561 3777 3
579 3721 673 3776 illucr
724 3721 873 3791 5pbilippi
886 3737 965 3776 naono
974 3722 1098 3792 phytiam
1108 3723 1141 3787 P,
1152 3722 1456 3793 Philippininpytinmr

362 3809 380 3865 6
398 3807 577 3878 quaerebatur
589 3809 615 3862 P
679 3808 697 3865 7
715 3809 866 3878 tetigerunt
878 3810 919 3863 P:
938 3809 1053 3878 tetigere
1065 3809 1126 3864 cdd.
1181 3809 1216 3866 11
1235 3809 1367 3879 insingeri
1380 3809 1407 3864 P
1428 3810 1440 3876 ΙΙ
1461 3811 1492 3862 et

362 3895 426 3964 nugi
442 3894 573 3962 Vrsinus,
591 3900 624 3949 ui
635 3895 714 3948 bobct
730 3895 811 3965 Gypr.
830 3897 857 3962 3,
870 3900 889 3950 8
959 3896 996 3952 12
1014 3895 1121 3950 leuibus
1134 3897 1161 3951 P
1172 3914 1217 3965 pr.
1230 3913 1264 3950 nr.
1338 3897 1374 3955 15
1392 3894 1492 3965 perditi

361 3980 469 4048 perdere
484 3981 603 4035 Vrsinus
614 3997 676 4035 cum
690 3980 833 4049 Cypriane
891 3981 927 4038 19
946 3981 1090 4052 appetebat
1102 3982 1135 4037 P.
1152 3982 1257 4037 Daniel
1269 3989 1295 4036 et
1307 3983 1490 4046 Elmenborsi,

362 4067 473 4133 gerebat
485 4068 638 4123 Herunann
710 4067 750 4124 20
767 4067 904 4122 miraculis
916 4069 951 4123 P.
964 4069 1070 4123 Daniel
1131 4071 1164 4124 21
1183 4073 1281 4140 praest.
1295 4069 1378 4124 edunt
1395 4072 1423 4124 et
1433 4067 1491 4123 elli·

362 4152 437 4207 ciunt
448 4155 493 4208 uel
504 4170 571 4224 quae
581 4171 606 4208 n.
619 4157 683 4208 sunt
691 4153 778 4208 uideri
788 4153 894 4209 Vahlen
951 4155 988 4211 22
999 4171 1155 4226 magnorum
1166 4157 1194 4212 P
1201 4161 1266 4212 ente
1277 4173 1408 4212 rasuram
1416 4157 1491 4226 (quo-

361 4255 421 4292 rnm
432 4241 690 4310 tamenpraecipuns
700 4240 833 4294 Hostanes
848 4239 930 4310 Gypr.
944 4242 1010 4310 4,1)
1056 4242 1092 4299 23
1105 4241 1207 4311 primus
1220 4236 1358 4297 sosthenes
1379 4242 1429 4310 Pr,
1442 4258 1490 4296 ern.

367 4325 499 4380 Gelenius
565 4327 603 4385 25
621 4326 667 4380 sed
679 4328 708 4380 ct
719 4326 777 4380 neri
791 4327 827 4393 P,
845 4325 892 4380 scd
904 4328 932 4379 et
944 4343 1053 4381 erasnm
1075 4328 1087 4395 ΙΙ
1110 4328 1167 4382 eius
1183 4329 1318 4383 Vrsinus:
1336 4330 1419 4398 eiusq.
1433 4329 1476 4383 Pr
1481 4347 1492 4396 ‚-

361 4412 397 4479 cs.
415 4413 497 4483 Cypr.
512 4416 537 4480 4,
550 4416 585 4466 2.-
608 4414 741 4467 Hostanes
760 4414 788 4466 et
808 4412 920 4466 formem
933 4413 990 4468 ueri
1002 4413 1053 4468 Dei
1065 4417 1146 4484 nogat
1158 4415 1275 4484 conspici
1285 4431 1362 4485 posse
1374 4417 1402 4470 et
1414 4429 1494 4484 ange·

363 4499 402 4550 los
414 4514 491 4551 ueros
504 4498 560 4551 sodi
572 4497 631 4552 cius
642 4499 710 4552 dicit
723 4498 853 4552 adsistere
918 4498 956 4555 27
975 4498 1092 4552 inueniri
1109 4500 1138 4553 P
1148 4504 1164 4553 1
1175 4517 1208 4553 rn.
1223 4515 1292 4554 corr.
1306 4503 1338 4555 in
1350 4499 1469 4555 inuenire
