3300 5142
322 531 365 596 46
736 525 886 596 Sulpicii
906 525 1023 580 Seueri

322 685 381 749 Dei
395 703 499 770 regem
513 683 591 750 adiit
605 683 843 765 exprobratoque
855 682 885 746 ei
899 681 1059 765 sacrilegio
1071 679 1210 763 poposcit
1222 681 1263 746 ad
1276 699 1310 746 sc
1323 698 1448 746 omnem

321 787 469 869 populum
484 786 668 871 congregari.
684 785 738 868 qni
748 803 818 849 oum
829 801 954 866 propere
967 784 1167 860 conuenisset,
1177 783 1284 848 accitis
1293 783 1447 848 idolorum

321 908 357 954 ac
370 888 509 954 incorum
524 887 729 953 sacerdotibus
744 904 828 952 coco
842 887 905 952 lere
919 888 952 952 et
964 905 1003 964 1„
1023 886 1104 952 inter
1123 903 1174 950 ecs
1188 887 1260 951 inde
1273 886 1446 951 altercatio:

292 1002 310 1057 t
321 991 391 1056 Elia
401 993 503 1057 Deum
513 990 706 1073 praedicante
717 991 765 1054 illi
777 989 1008 1072 superstitiones
1018 1007 1090 1053 suas
1098 989 1219 1054 amereb
1258 990 1282 1053 t.
1293 989 1447 1070 postcom

320 1094 437 1177 placuit
451 1093 517 1158 fiori
531 1093 717 1176 pericnlum,
738 1094 789 1170 nt,
812 1093 840 1156 si
854 1092 942 1156 cuius
956 1109 1076 1156 caesam
1088 1091 1222 1156 bostiam
1236 1091 1349 1156 missus
1364 1091 1447 1156 caelo
1467 1113 1481 1152 s

319 1197 402 1281 iguis
423 1197 611 1273 absumeret,
633 1199 701 1261 rata
721 1197 801 1260 esset
821 1195 933 1278 religio
946 1213 1023 1277 quae
1043 1194 1194 1259 uirtutem
1215 1194 1371 1258 edidisset.
1401 1194 1447 1258 ita

320 1299 489 1364 secerdotes
504 1299 601 1363 occiso
614 1298 714 1362 uitulo
725 1298 824 1362 Bahal
838 1296 956 1363 idolum
974 1297 1116 1362 inuocare
1129 1297 1301 1378 coeperunt,
1316 1296 1446 1362 tresba-

320 1420 379 1483 quc
393 1402 580 1482 consumptis
601 1400 843 1466 inuocationibns
863 1399 1111 1465 imbecillitatem
1130 1399 1181 1464 dei
1202 1400 1251 1464 sni
1264 1399 1353 1464 taciti
1366 1399 1446 1464 iate-

319 1503 441 1568 bautnr.
457 1504 525 1568 tum
540 1502 625 1569 Elias
639 1503 769 1568 irrideus
783 1521 835 1568 eos
848 1495 898 1568 ‘ne
917 1492 1006 1567 iortc'
1021 1502 1123 1585 inquit
1135 1495 1294 1579 ‘dormiat
1315 1502 1446 1566 clamate

320 1605 547 1684 uehementius,
575 1608 612 1671 ut
632 1623 738 1671 somno
759 1623 819 1689 quo
841 1606 963 1670 tenetur
984 1593 1133 1688 suigilet'.
1162 1605 1317 1669 enimuero
1339 1605 1480 1669 micetio

319 1707 506 1789 trepidantes
528 1727 679 1787 mussare,
708 1711 739 1773 et
765 1709 883 1786 tamem
912 1708 1059 1790 quidnam
1080 1707 1165 1772 Elias
1190 1707 1327 1772 facturus
1348 1709 1443 1784 esset,

289 1811 484 1892 esxpectm.
506 1811 539 1874 at
552 1811 606 1875 ille
621 1830 743 1876 caesum
757 1811 894 1876 uitulum
908 1811 1070 1892 imposuit,
1092 1829 1164 1874 cum
1177 1811 1263 1891 prins
1277 1810 1445 1874 sacrarium

318 1931 397 1994 aqna
422 1913 588 1994 opplesset,
614 1913 813 1995 inuocatoqne
832 1913 965 1978 Domino
984 1913 1194 1995 spectantibus
1219 1911 1337 1978 cunctis
1362 1912 1445 1996 ignis

318 2014 400 2080 caelo
422 2016 563 2098 delapsus
585 2035 696 2098 aquam
718 2035 789 2080 cnm
810 2015 912 2080 bestia
931 2016 1111 2098 absumpsit.
1133 2016 1203 2079 torn
1222 2033 1294 2080 uero
1313 2015 1444 2098 populus

317 2116 381 2182 solo
403 2119 517 2184 stratur
539 2120 640 2184 Deum
662 2117 768 2197 fateri,
796 2119 879 2183 idola
900 2119 1047 2184 execrari:
1074 2119 1228 2201 postremo
1249 2119 1336 2184 Elias
1358 2118 1479 2182 insanae

316 2221 435 2302 padani
461 2223 631 2287 sacerdotes
652 2221 862 2304 comprehensi
889 2222 1075 2302 deductique
1095 2222 1134 2286 ad
1155 2221 1323 2286 torrentem
1343 2220 1443 2286 necati

287 2333 306 2388 9
318 2324 398 2388 sunt.
419 2324 598 2390 rcd0untcm
618 2325 688 2390 inde
703 2344 808 2409 regem
822 2324 970 2407 propbeta
983 2325 1161 2405 prosecutus
1175 2325 1237 2388 eet:
1260 2325 1314 2388 sed
1329 2323 1443 2389 cumei

316 2425 434 2490 Ieaabcl
449 2426 531 2509 rogis
545 2445 620 2491 uxor
633 2427 717 2491 uitae
737 2426 909 2508 periculum
922 2426 1058 2507 pararet,
1079 2426 1118 2490 ad
1131 2426 1295 2491 remotiora
1308 2425 1441 2490 secessit.

316 2527 360 2592 ibi
376 2547 446 2592 curn
461 2528 545 2592 Dens
560 2529 709 2592 allocutus
725 2529 781 2606 cst,
797 2547 849 2592 vr1
862 2528 951 2592 milia
964 2528 1102 2592 uirorum
1116 2529 1216 2592 adbuc
1230 2547 1295 2594 esse
1309 2545 1442 2610 pronun·

316 2629 406 2708 tiana,
422 2630 476 2712 qui
490 2648 523 2694 se
537 2629 629 2694 idolis
642 2647 702 2695 non
716 2629 881 2694 dedissent.
897 2630 1012 2695 mnam
1026 2632 1060 2696 id
1073 2631 1161 2696 Eliae
1174 2631 1251 2708 fuit,
1273 2631 1328 2712 qni
1341 2630 1442 2695 solum
1451 2652 1478 2692 ao

316 2751 349 2797 se
363 2751 382 2796 a
396 2732 554 2817 sacrilegio
570 2733 741 2798 immunem
756 2751 821 2798 esse
836 2733 1015 2798 crediderat.

263 2844 305 2906 44
358 2837 403 2899 lla
416 2836 599 2917 tempestato
621 2834 730 2901 Achab
755 2854 807 2900 rex
829 2835 983 2901 Samariae
1006 2836 1130 2901 mnsam
1145 2836 1312 2914 Nabutboi,
1328 2835 1441 2900 adbae-

315 2938 433 3003 rentem
447 2938 516 3016 sibi,
532 2938 714 3020 concupiuit.
736 2955 830 3020 quam
844 2957 915 3003 cum
928 2939 982 3003 ille
997 2939 1025 3004 ei
1040 2939 1170 3004 uendere
1184 2938 1347 3016 noluisset,
1362 2937 1441 3002 dolis

315 3040 434 3106 Iezabel
454 3041 631 3106 interfectus
652 3041 707 3106 est.
730 3041 776 3105 ita
794 3040 902 3105 Achab
921 3041 1012 3105 niuea
1030 3042 1147 3123 potitus
1167 3042 1229 3119 est,
1252 3060 1324 3105 cnm
1337 3042 1442 3106 tamen

287 3144 470 3209 2Nabnthei
491 3145 622 3210 mortem
643 3143 776 3208 doluisse
796 3143 953 3208 reseratum.
974 3162 1046 3208 mox
1064 3163 1118 3226 per
1137 3143 1240 3208 liliam
1260 3143 1362 3208 nerbis
1380 3143 1477 3208 Deire

315 3246 496 3328 increpitus,
526 3247 629 3330 agnito
655 3246 782 3311 crimine
811 3246 911 3310 cilicio
939 3245 1067 3311 indutus
1093 3246 1193 3330 egisse
1221 3246 1440 3328 paenitentiam

287 3349 462 3418 etraditnr:
478 3367 537 3431 quo
552 3349 633 3414 facto
642 3349 989 3430 imminentcmpoonam
1000 3349 1123 3414 auertit.
1134 3367 1265 3431 namque
1275 3368 1329 3413 rer
1335 3346 1440 3432 Syriae

419 3533 965 3604 mmmmmmmm

367 3705 382 3760 1
396 3705 503 3758 Domini
516 3705 531 3758 b
576 3703 594 3761 3
608 3707 722 3760 locorum
732 3707 769 3770 P,
783 3713 813 3760 ot
824 3724 851 3759 a.
862 3723 890 3774 p.
905 3711 949 3774 44,
962 3710 998 3760 10
1009 3712 1035 3759 et
1047 3708 1119 3773 45,e
1144 3707 1157 3773 ΙΙ
1176 3703 1237 3758 inde
1249 3707 1288 3760 P:
1305 3704 1367 3759 indo
1378 3707 1437 3759 orta

314 3792 355 3842 est
372 3791 387 3844 b
454 3791 474 3846 4
492 3791 633 3845 Dominum
651 3793 667 3845 b
735 3792 753 3848 6
769 3794 916 3846 assumeret
935 3791 961 3845 P
1028 3791 1046 3846 'i
1064 3791 1131 3844 Daal
1149 3791 1165 3845 b
1232 3791 1251 3846 8
1269 3791 1377 3844 Domini
1394 3789 1437 3846 sni

313 3875 395 3929 tacite
407 3877 423 3930 b
475 3876 493 3932 9
506 3879 564 3930 tum
576 3877 650 3930 lllias
661 3893 723 3931 aon:
741 3880 800 3931 tum
811 3877 881 3931 forte
898 3879 926 3930 P
936 3877 1016 3945 (forte
1033 3878 1201 3946 exsequenti
1213 3877 1253 3930 ‘ue
1265 3877 1435 3945 lortc’prcc·

313 3964 442 4032 ceptam),
459 3964 517 4014 tum
530 3963 721 4018 neroHeliasb
737 3966 749 4032 ΙΙ
765 3963 873 4016 elamite
889 3964 928 4026 P,
941 3980 980 4016 aa
992 3979 1025 4016 cc
1037 3962 1195 4016 clamitate?
1242 3962 1280 4018 13
1291 3963 1435 4031 spectanti-

313 4045 363 4098 bus
377 4063 439 4100 noe:
453 4047 651 4116 expectantibus
664 4049 707 4102 Pb
762 4049 798 4106 15
816 4048 986 4101 Dominumb
1039 4047 1076 4104 16
1092 4047 1224 4117 prophani
1240 4048 1256 4101 b
1310 4049 1347 4105 18
1359 4056 1384 4102 ct
1396 4048 1435 4104 24

313 4130 416 4185 zezabel
429 4133 456 4185 P
502 4133 538 4189 19
552 4149 610 4192 esee
621 4133 705 4187 adbuc
718 4135 733 4187 b
779 4133 819 4188 20
831 4149 881 4201 qna
893 4149 922 4186 se
934 4134 962 4187 P
976 4135 988 4201 ΙΙ
1005 4133 1169 4188 dedidissent
1179 4135 1294 4188 malebat
1306 4135 1434 4189 chruto

308 4223 462 4284 praecunte
474 4219 578 4272 Derceto
634 4219 672 4274 22
689 4235 734 4272 rex
746 4217 882 4272 Samariae
893 4218 927 4272 de
938 4221 1027 4273 Proto
1037 4219 1163 4287 specim
1174 4220 1268 4287 baben
1285 4226 1316 4274 ct
1326 4237 1352 4274 cc.
1366 4221 1432 4289 ch.

314 4303 373 4370 III,
392 4305 436 4370 21,
455 4307 471 4356 1
486 4306 499 4370 ΙΙ
515 4304 668 4358 Nabuthaei
680 4305 708 4368 b‘,
731 4302 875 4357 Nabuthae
886 4305 1010 4358 Dracim
1027 4321 1088 4358 cara
1104 4305 1207 4374 LXX,
1231 4306 1264 4358 ia
1280 4306 1378 4374 quotics
1395 4311 1434 4359 eat

312 4394 465 4457 Ναβουθαί
474 4389 533 4456 (scd
545 4391 577 4444 ia
588 4391 651 4444 utica
663 4385 875 4458 librisNapcriil)
927 4389 965 4448 25
977 4390 1067 4444 uerbis
1077 4388 1122 4443 dci
1132 4389 1278 4459 increpitus
1289 4387 1382 4460 murto
1394 4392 1433 4445 P:

313 4473 393 4528 uerbo
405 4473 512 4531 Domini
524 4475 681 4544 increpitus,
700 4475 844 4544 agnitoque
855 4476 871 4528 b
