3300 5142
1303 554 1342 600 XI

216 688 403 790 probabile
427 689 582 762 uidetur.
621 687 727 777 Quod
757 698 877 762 autem
911 690 947 763 in
970 689 1078 764 rebus
1101 717 1188 789 quas
1213 702 1343 764 uocant

218 809 507 908 orthographicis
545 821 703 882 ueterem
739 807 919 884 scribendi
952 810 1149 900 rationem,
1182 836 1271 907 quae
1304 809 1342 881 in

217 929 342 1004 codice
377 927 579 1003 Veronensi
615 939 651 1002 et
684 928 896 1028 plerumque
930 929 1038 1003 etiam
1060 930 1097 1003 in
1119 929 1343 1027 Frisingensi

217 1060 425 1124 constanter
460 1061 601 1122 seruata
636 1059 710 1140 est,
750 1047 881 1146 ubique
912 1051 1173 1123 restituendam
1206 1049 1341 1148 putaui,

219 1169 290 1243 hoc
312 1169 444 1243 multos
467 1169 544 1242 fore
568 1167 629 1266 qui
660 1169 866 1268 uituperent
887 1171 1079 1268 prouideo:
1116 1171 1179 1243 sed
1209 1193 1341 1268 quaero

218 1288 386 1379 existis,
423 1315 508 1361 num
546 1287 650 1361 nobis
686 1288 789 1362 liceat
823 1289 861 1361 in
896 1288 952 1362 his
988 1287 1096 1363 rebus
1127 1315 1147 1361 a
1180 1299 1343 1362 ueterum

217 1409 466 1509 exemplorum
507 1408 578 1481 fide
608 1408 785 1482 declinare
827 1419 863 1481 et
906 1434 983 1482 earn
1020 1407 1201 1483 scribendi
1234 1409 1344 1481 ratio·

217 1553 320 1619 nem,
351 1553 444 1626 quae
475 1527 597 1601 multis
629 1528 785 1626 denique
813 1541 898 1627 post
932 1528 1082 1602 saeculis
1119 1529 1154 1601 in
1194 1552 1344 1601 consue·

216 1647 380 1722 tudinem
414 1647 531 1738 uenit,
572 1673 618 1720 ex
654 1658 780 1720 nostro
815 1647 964 1721 arbitrio
1000 1647 1229 1722 substituere.
1262 1672 1344 1720 narn

218 1768 248 1842 si
279 1767 349 1841 hoc
380 1767 586 1841 criticorum
610 1793 742 1840 rnunus
765 1778 819 1841 est
841 1766 975 1841 librum
996 1779 1156 1840 ueterem
1185 1794 1256 1840 non
1299 1768 1344 1840 ad

218 1897 421 1962 commenta
459 1889 700 1960 recentiorum
747 1897 809 1960 aut
850 1888 896 1959 ad
944 1887 1116 1961 lectiones
1156 1886 1346 1960 cuiuslibet

223 2005 380 2107 exempli
410 2006 509 2106 typis
544 2006 725 2106 expressi,
776 2006 840 2080 sed
876 2007 921 2079 ad
959 2006 1155 2106 scripturas
1186 2007 1223 2080 in
1255 2007 1345 2080 anti·

218 2125 402 2226 quissimis
433 2124 534 2200 libris
566 2125 847 2224 manuscriptis
876 2151 1064 2225 expressas
1087 2128 1268 2225 redigere,
1300 2151 1346 2200 ne

217 2245 255 2319 in
286 2243 395 2320 rebus
433 2246 579 2344 quidem
611 2243 868 2319 minutioribus
907 2257 1003 2321 recte
1044 2246 1177 2320 tradita
1206 2245 1346 2320 abicere

218 2364 349 2439 licebit.

282 2607 406 2680 Restat
430 2616 470 2678 ut
493 2605 537 2677 de
559 2605 812 2704 appendice
834 2616 1012 2704 septem
1035 2605 1336 2705 epistolarum

223 2753 310 2826 quas
345 2725 412 2799 do.
449 2723 657 2798 Clericus
693 2727 832 2824 primus
864 2725 1045 2822 opusculis
1081 2726 1204 2800 Seueri
1243 2725 1346 2825 prius

222 2847 319 2920 notis
342 2845 379 2918 in
409 2845 463 2920 ed.
486 2842 665 2942 Lipsiensi
688 2869 716 2915 a.
748 2847 843 2917 1709
867 2843 1017 2932 adiecit,
1039 2870 1152 2943 pauca
1174 2845 1347 2918 dicamus.

220 2967 348 3041 harum
381 2965 469 3037 duas
501 2954 641 3064 priores
681 2963 939 3062 Stephanus
964 2962 1176 3038 Baluzius
1198 2964 1236 3038 in
1259 2964 1346 3038 Mis·

222 3085 459 3160 cellaneorum
481 3082 598 3182 primo
622 3082 803 3156 uolumine
824 3108 854 3155 a.
882 3087 951 3156 167
956 3087 977 3156 8
1002 3108 1049 3157 ex
1071 3083 1195 3158 codice
1218 3083 1347 3158 Oanta·
1371 3133 1389 3146 ν

224 3203 396 3302 brigiensi
418 3202 541 3276 edidit.
563 3200 695 3302 prioris
719 3227 766 3274 ex
787 3201 845 3274 his
875 3201 1037 3294 duabus,
1071 3229 1161 3301 quae
1182 3204 1345 3277 nondum

222 3325 261 3398 in
284 3322 351 3396 alio
374 3323 498 3396 codiee
520 3325 667 3396 inuenta
688 3345 766 3394 esse
791 3321 951 3413 uidetur,
987 3324 1233 3422 apographum
1257 3323 1348 3396 mihi
1365 3377 1379 3390 „„

224 3443 323 3517 misit
344 3441 389 3516 H.
412 3443 456 3515 A.
479 3442 514 3516 J.
538 3441 714 3531 Munr0,
752 3441 1012 3516 scientissimus
1034 3441 1192 3517 Lucretii
1217 3444 1347 3534 editor,
1387 3443 1391 3448 ’

224 3562 326 3638 ouius
349 3588 417 3661 ope
440 3561 622 3660 complura
645 3560 801 3660 exempli
822 3561 1005 3635 Baluziani
1026 3563 1112 3636 uitia
1129 3563 1218 3637 mihi
1236 3563 1349 3637 corri-

224 3707 309 3782 gere
330 3681 440 3756 liouit.
464 3681 531 3754 alia
554 3691 608 3754 est
631 3705 735 3754 eausa
758 3683 934 3756 secundae
958 3682 1139 3782 epistolae.
1168 3685 1254 3758 haec
1276 3684 1348 3756 iam

224 3803 261 3875 in
284 3802 480 3901 appendice
503 3799 645 3874 Codicis
668 3799 909 3899 Regularum,
943 3829 1050 3902 quem
1079 3802 1226 3878 Lucas
1249 3802 1348 3876 Hol-

225 3922 417 3996 stenius
440 3920 569 4012 edidit,
604 3919 793 3994 Athanasii
825 3921 972 3996 nomine
1007 3925 1180 4023 inscripta
1213 3922 1350 3996 Romae

225 4067 255 4115 a
280 4042 376 4114 1661
400 4052 436 4114 et
458 4041 589 4114 iterum
604 4039 753 4114 Parisiis
776 4066 805 4113 a.
832 4044 929 4115 1663
956 4042 1099 4141 uulgata
1121 4051 1215 4130 erat,
1238 4041 1350 4141 idque

219 4187 273 4235 ex
295 4159 397 4232 libris
421 4159 706 4258 Cantabrigiensi
729 4160 837 4258 longe
858 4161 1079 4236 melioribus.
1110 4163 1171 4236 sed
1196 4189 1241 4236 ne
1263 4163 1351 4238 haec

227 4279 370 4378 quidem
396 4279 506 4353 editio
529 4280 644 4378 prima
666 4279 836 4378 epistolae
857 4281 990 4370 fuerat,
1014 4306 1095 4354 curn
1118 4282 1188 4355 iam
1213 4284 1348 4356 dudum

226 4398 321 4473 inter
355 4397 568 4498 Hieronymi
599 4399 768 4499 epistolas
798 4399 894 4474 edita
923 4413 1035 4492 esset,
1071 4403 1179 4501 idque
1209 4403 1280 4477 iarn
1311 4405 1350 4477 in
1389 4457 1403 4480 a
