3300 5142
337 505 379 570 86
746 503 896 574 Sulpicii
919 503 1035 558 Seueri

336 677 408 742 pere
422 659 536 724 eonati:
558 659 651 724 misso
665 659 800 724 aroroitu
820 658 940 724 subaoti
960 660 1040 723 snut.
1064 677 1125 740 qua
1144 660 1327 740 tempestate
1340 658 1456 724 Adria·

339 781 411 840 nns,
434 763 611 826 existimans
631 780 663 826 so
683 761 888 826 Christianam
907 761 1000 826 fidem
1015 760 1074 826 looi
1088 761 1201 826 iniuria
1214 763 1455 844 perempturum,

336 866 368 930 et
393 864 426 928 in
450 864 564 946 tempto
590 865 621 928 et
646 864 710 928 looo
730 865 908 930 Dominioae
928 864 1075 946 passionis
1095 865 1278 930 daemonum
1293 863 1457 928 simulaora

305 967 504 1040 4o0ustituit.
528 968 559 1030 et
579 967 651 1047 quie
676 965 843 1032 Christiani
863 986 899 1032 en
924 967 1047 1032 Iudaeis
1061 966 1257 1047 potissimum
1270 965 1457 1048 putabantur

336 1105 377 1116 -
388 1087 519 1151 namque
539 1069 607 1133 turn
627 1068 857 1151 hierosolymae
873 1087 933 1135 uon
952 1069 1013 1134 uisi
1033 1087 1069 1133 er
1083 1069 1312 1135 oiroumoisione
1325 1069 1457 1134 habebat
1477 1093 1492 1134 s

335 1171 461 1238 eeclesia
475 1171 662 1236 sacerdotem
677 1209 717 1218 —
732 1172 871 1237 miiitum
885 1172 1041 1236 eohortem
1054 1172 1206 1236 custodias
1227 1171 1261 1236 in
1276 1172 1457 1253 perpetuum

334 1274 451 1357 agitare
464 1273 570 1350 iussit,
593 1293 671 1355 quae
697 1275 824 1340 Iudaeos
850 1291 954 1339 omnes
974 1273 1205 1356 Hierosolymae
1226 1273 1313 1340 aditu
1330 1275 1456 1340 aroeret.

305 1375 415 1458 equod
430 1376 554 1457 quidem
568 1373 757 1442 Christianae
772 1376 843 1442 fidei
860 1376 1051 1458 proficiebat,
1074 1375 1147 1458 quia
1160 1377 1230 1440 turn
1244 1395 1339 1459 paene
1353 1393 1457 1442 omnes

190 1457 196 1476 ’
334 1475 491 1544 Christum
516 1479 616 1543 Deum
641 1479 698 1543 sub
723 1479 802 1563 legis
827 1480 1039 1544 obseruatione
1064 1478 1235 1544 credebant.
1257 1478 1405 1544 nimirum
1423 1479 1458 1543 id

333 1581 464 1646 Domino
479 1580 636 1646 ordinante
655 1581 853 1663 dispositum,
876 1582 913 1646 ut
931 1582 1009 1665 legis
1030 1581 1162 1646 seruitus
1183 1601 1203 1645 a
1222 1581 1364 1646 libertate
1384 1581 1495 1647 fidoiro

306 1684 425 1766 satque
440 1683 581 1748 ecelesiae
601 1683 767 1748 tolleretur.
790 1684 837 1748 ita
861 1686 930 1748 tum
955 1684 1091 1765 primum
1116 1683 1238 1748 Marone
1258 1703 1294 1748 ox
1314 1682 1458 1767 gentibus

334 1787 415 1869 apud
439 1786 685 1869 Hierosolymam
711 1787 867 1868 episeopus
893 1785 962 1851 fuit.
992 1786 1101 1867 quarta
1121 1785 1178 1850 sub
1198 1785 1335 1850 Adriano
1356 1803 1457 1867 perso·

335 1889 417 1953 outio
431 1889 621 1966 numeratur,
638 1905 729 1969 quam
744 1889 848 1953 tamon
862 1891 967 1969 postea
981 1887 1112 1954 ereroeri
1126 1887 1292 1970 prohibuit,
1306 1889 1459 1952 iniustum

334 2008 399 2055 esse
414 1990 628 2073 pronuntians,
651 1992 686 2054 ut
701 1989 863 2073 quisquam
878 1991 942 2055 sine
957 1991 1083 2055 erimine
1097 2008 1168 2054 rous
1182 1991 1426 2056 eonstitueretur.

267 2092 269 2102 '
284 2089 324 2154 32
376 2092 451 2156 Post
469 2092 641 2156 Adriauum
655 2093 809 2158 Antonino
824 2091 881 2157 Pio
896 2094 1064 2175 imperanto
1083 2111 1143 2175 perr
1157 2092 1292 2157 eoelosiis
1306 2091 1376 2157 rura.
1399 2092 1457 2156 sub
1467 2123 1493 2161 rs

334 2193 458 2260 Aurelio
474 2194 597 2272 deinde,
621 2195 768 2260 Antonini
782 2195 860 2273 tilio,
883 2195 1051 2277 persecutio
1066 2196 1174 2276 quinta
1186 2195 1315 2278 agitata.
1338 2214 1373 2260 ao
1387 2195 1457 2260 turn

333 2297 468 2378 primum
483 2297 564 2362 iutra
578 2295 696 2362 Gallias
711 2298 859 2380 martyria
872 2298 955 2376 uisa,
977 2299 1075 2362 serius
1089 2299 1173 2362 trans
1190 2297 1285 2380 Alpes
1305 2297 1365 2362 Dei
1383 2297 1457 2362 reli-

334 2400 423 2483 gione
449 2401 597 2480 suscepta.
632 2400 717 2464 serta
741 2399 850 2465 deindo
878 2399 989 2464 Seuero
1015 2401 1185 2480 imperante
1214 2398 1457 2465 Christianorum

306 2502 455 2568 adoratio
482 2501 551 2566 fuit.
576 2519 634 2583 quo
660 2502 797 2582 tempore
822 2502 971 2577 Leonida,
994 2499 1135 2585 Origonis
1156 2503 1258 2584 petor,
1281 2520 1403 2566 ssorum
1424 2501 1457 2566 in

334 2589 481 2686 martpiio
502 2605 683 2687 sanguinem
703 2603 793 2668 fudit.
817 2604 984 2670 interiectis
1006 2603 1115 2669 deinde
1136 2605 1224 2669 annis
1246 2623 1311 2669 vrrr
1331 2605 1363 2669 et
1382 2621 1493 2668 xxxro

333 2725 392 2788 par
417 2705 597 2772 Christianis
623 2705 699 2784 fnit,
722 2707 781 2771 uisi
807 2707 888 2790 qnod
912 2707 1013 2772 medio
1027 2708 1165 2789 tempore
1179 2707 1366 2772 Maximinus
1380 2723 1457 2772 uon·

306 2808 489 2874 sunitarum
504 2809 699 2874 eoolesiarum
714 2809 838 2873 elerioos
853 2809 984 2874 uexauit.
1015 2827 1086 2874 mor
1100 2810 1194 2874 Daoio
1208 2809 1379 2890 imperante
1392 2808 1459 2874 iarn

335 2912 404 2975 tum
418 2911 549 2992 septima
559 2912 765 2993 perseeutione
779 2911 932 2976 saeuitum
942 2912 975 2975 in
987 2910 1184 2976 Christianos.
1202 2911 1272 2976 inde
1278 2911 1458 2976 Valerianus

307 3015 461 3080 tooteuns
481 3015 654 3078 sanctorum
674 3012 771 3078 hostis
791 3011 861 3078 fuit.
884 3015 953 3096 post
978 3033 1065 3092 eum,
1087 3013 1256 3078 interiectis
1281 3014 1369 3078 annis
1395 3011 1459 3078 fere

336 3115 572 3198 quinquaginta,
600 3115 789 3180 Diocletiano
812 3117 845 3180 ot
866 3116 1051 3181 Maximiano
1075 3116 1299 3199 imperantibus
1324 3115 1492 3181 acerbis-¹⁵

336 3218 415 3282 sime
425 3219 593 3299 persecutio
605 3219 717 3296 exorta,
733 3237 810 3300 quae
821 3219 988 3300 perdecem
999 3219 1157 3284 ooutinuos
1169 3237 1262 3283 annos
1273 3217 1458 3301 plebemDei

336 3319 521 3403 depopulata
534 3322 589 3385 est.
606 3339 667 3403 qna
681 3321 865 3402 tempestate
879 3322 978 3386 omnis
992 3319 1056 3386 fore
1070 3339 1154 3388 sacro
1164 3323 1339 3403 martyrum
1354 3337 1459 3384 oraora

240 3415 243 3422 ’
336 3424 418 3488 orbis
432 3423 563 3488 infestus
584 3425 646 3488 est:
670 3425 780 3506 quippe
795 3425 937 3489 oertatirn
957 3424 1089 3508 gloriosa
1108 3425 1142 3489 iu
1162 3424 1330 3489 certamina
1349 3422 1459 3487 rueba-

336 3528 389 3591 tur
403 3525 561 3608 multoque
576 3526 696 3591 enidius
712 3529 780 3590 tum
795 3527 943 3609 martyria
956 3527 1096 3610 gloriosis
1111 3526 1262 3590 mortibus
1273 3524 1459 3608 quaereban-

336 3629 403 3706 tur,
437 3647 529 3710 quam
559 3647 639 3694 nuno
664 3629 854 3711 episcopatus
879 3629 982 3712 prauis
1017 3629 1237 3694 ambitionibus
1262 3628 1494 3711 appetunturu

309 3731 430 3799 5nullis
445 3749 591 3812 umquam
606 3731 706 3814 magis
720 3731 811 3796 bellis
827 3732 958 3796 mundus
974 3731 1138 3796 exhaustus
1152 3733 1216 3810 est,
1231 3749 1329 3813 neque
1343 3729 1459 3796 maiore

336 3852 483 3916 nmquam
509 3832 665 3916 triumpho
690 3833 838 3912 nieimas,
861 3853 953 3916 quam
971 3853 1041 3898 oum
1057 3835 1161 3900 deoem
1182 3852 1330 3898 annornm
1346 3833 1459 3917 stragi-

390 4036 405 4092 1
420 4037 501 4090 misso
508 4036 546 4090 P:
559 4036 691 4105 missoque
704 4038 719 4090 b
766 4037 784 4092 3
797 4038 825 4090 et
834 4036 863 4090 in
871 4037 972 4105 tamplo
981 4039 1009 4090 et
1017 4037 1074 4092 loeo
1084 4037 1121 4091 P:
1134 4039 1163 4090 et
1173 4036 1202 4091 in
1214 4037 1314 4107 templo
1325 4053 1356 4091 ae
1367 4037 1423 4090 loeo
1435 4036 1459 4100 b,

337 4137 393 4190 paro
403 4122 504 4176 uitiosa
514 4123 655 4190 scriptura
666 4121 700 4176 de
709 4122 797 4176 Proto
809 4121 940 4176 traductos
952 4128 991 4176 est
1002 4129 1035 4177 ut
1046 4124 1134 4177 ocem
1143 4138 1272 4176 amaeam
1283 4139 1339 4176 esse
1346 4127 1461 4190 putaret

338 4206 395 4261 coll.
409 4206 526 4261 Paulini
545 4223 583 4275 ep.
598 4211 633 4261 31
645 4213 670 4260 et
682 4207 797 4260 Hieron.
817 4223 856 4274 ep.
871 4211 913 4261 58.
979 4207 997 4263 6
1014 4209 1208 4276 imperpetuum
1221 4208 1249 4261 P
1315 4207 1352 4263 13
1369 4209 1461 4275 postea

338 4292 394 4346 Pb:
412 4293 473 4359 post
489 4292 591 4360 aliquot
611 4293 670 4346 edd.
684 4297 792 4346 recenti.
869 4292 905 4348 19
923 4293 1028 4347 leonida
1041 4294 1080 4348 P:
1098 4292 1228 4347 Leonidas
1240 4294 1269 4355 b,
1288 4291 1416 4346 Leonides
1427 4291 1462 4344 de

339 4377 427 4431 Proto
445 4393 505 4430 ouer
522 4377 639 4431 Eusebio
702 4378 740 4434 22
758 4378 811 4431 iarn
824 4380 882 4430 tum
898 4380 949 4432 oio
960 4395 1060 4434 sonum
1072 4385 1110 4432 est
1172 4379 1211 4437 25
1228 4378 1391 4432 Maximiano
1403 4377 1459 4430 sz

338 4461 528 4516 Maximinisno
535 4478 627 4530 praere
639 4463 697 4518 edd.
711 4464 815 4518 Hormi
828 4471 852 4517 et
869 4463 970 4520 Vorotii
