3300 5142
185 681 293 756 libelli
313 680 462 756 Firmici
497 679 651 753 Materni
688 681 733 754 de
763 704 886 755 errore
909 679 1142 777 profanarum
1166 676 1314 775 religio-

189 828 298 891 num,
322 825 429 900 quem
453 799 653 873 cumidem
676 799 816 874 Flacius
840 797 1005 898 lllyricus
1036 799 1072 870 in
1095 796 1313 870 bibliotheca

182 921 361 994 Mindensi
384 919 599 1010 inuenisset,
634 933 760 1018 postea
791 920 829 992 in
863 917 1061 991 Palatinam
1090 926 1197 1013 atque
1226 915 1313 989 inde

182 1041 218 1114 in
243 1039 452 1128 Vaticanam
486 1038 665 1136 migrauit
702 1049 861 1113 ceterum
889 1063 958 1135 ego
986 1036 1024 1109 in
1047 1035 1171 1111 Seueri
1206 1035 1313 1108 chro-

184 1159 273 1235 nicis
308 1158 537 1233 recensendis
567 1157 708 1232 duobus
738 1156 840 1232 libris
873 1156 1070 1230 rarioribus
1102 1180 1188 1229 usus
1218 1178 1312 1246 sum,

185 1305 276 1378 quos
307 1302 413 1352 nemo
443 1277 606 1376 priorum
640 1278 820 1351 editorum
851 1275 1081 1366 adhibuerat,
1119 1272 1313 1374 specimine

185 1397 478 1473 obseruationum
505 1396 728 1488 criticorum,
762 1396 859 1496 quod
878 1394 1156 1471 Gotefridus
1179 1391 1314 1467 Rich·

184 1528 310 1592 terus
341 1518 452 1591 denae
483 1543 512 1590 a.
547 1519 642 1592 1713
668 1515 800 1604 edidit,
841 1527 878 1588 et
910 1513 1116 1590 Cornelii
1139 1510 1312 1587 Valerii

185 1635 348 1711 Vonck
391 1635 586 1730 lectionum
620 1635 812 1709 latinarum
846 1633 947 1708 libris
982 1632 1124 1707 duobus
1158 1629 1313 1705 Traiecti

185 1754 367 1831 Viltorum
403 1759 556 1831 a.1745
584 1755 779 1856 impressis.
807 1753 845 1827 in
875 1764 1029 1852 utroque
1049 1753 1180 1826 horum
1201 1749 1313 1824 libro·

185 1902 266 1950 rum
289 1876 490 1975 complures
512 1875 610 1950 locos
632 1884 730 1949 recte
752 1875 960 1950 emendatos
982 1873 1198 1947 inuenimus.
1308 1927 1311 1932 ·

236 2115 384 2188 Praeter
415 2113 668 2188 chronicorum
697 2112 809 2187 libros
838 2139 911 2186 non
935 2112 994 2185 alii
1017 2111 1163 2212 Sulpicii
1188 2111 1312 2186 Seueri

186 2235 231 2306 ad
253 2246 405 2308 aetatem
428 2244 589 2307 nostram
612 2231 822 2331 peruenisse
855 2231 1026 2304 uidentur
1054 2230 1123 2304 nisi
1147 2256 1239 2328 quos
1262 2232 1312 2305 de

185 2352 282 2426 uita
309 2354 344 2427 S.
366 2350 551 2426 Martini
573 2351 730 2452 episcopi
756 2351 969 2451 composuit.
992 2351 1061 2424 hoc
1083 2375 1214 2449 corpus
1245 2350 1313 2425 tri-

187 2470 255 2547 bus
278 2471 379 2546 libris
402 2471 643 2571 compositum
664 2471 776 2545 fuisse
800 2472 964 2562 uidetur,
995 2495 1150 2569 quorum
1172 2469 1311 2570 primus

187 2591 327 2689 estqui
350 2591 496 2691 proprie
518 2593 562 2664 de
585 2591 660 2664 uita
682 2591 717 2667 S.
741 2589 888 2664 Martini
910 2591 1106 2690 inscriptus
1129 2601 1193 2664 est.
1216 2591 1314 2663 hunc

188 2721 329 2786 secutae
352 2723 437 2785 sunt
459 2719 533 2784 tres
557 2710 729 2809 epistulae
752 2721 825 2784 tam
842 2711 977 2808 exiguo
995 2709 1131 2782 ambitu
1151 2734 1315 2808 compre-

187 2831 339 2918 hensae,
365 2842 404 2904 ut
421 2830 518 2903 hunc
535 2831 721 2930 proprium
742 2829 899 2903 libellum
919 2829 1030 2903 fuisse
1048 2855 1153 2927 aegre
1171 2830 1314 2903 eredas:

188 2950 299 3024 immo
323 2949 373 3023 ita
395 2950 614 3048 compositae
645 2959 746 3040 sunt,
783 2960 824 3022 ut
847 2959 910 3022 aut
930 2948 1113 3048 appendix
1136 2948 1229 3021 uitae
1251 2959 1315 3021 aut

187 3069 413 3170 prooemium
455 3069 679 3167 dialogorum
716 3093 795 3142 esse
831 3068 1032 3142 uideantur.
1078 3067 1134 3141 his
1165 3067 1316 3140 accessit

188 3187 413 3287 dialogorum
436 3187 545 3279 liber,
570 3189 631 3286 qui
654 3188 691 3262 in
714 3188 889 3287 exemplis
914 3188 1068 3286 uulgatis
1092 3199 1165 3262 tres
1189 3212 1314 3261 nume·

187 3321 332 3400 rantur;
356 3308 419 3382 sed
443 3333 525 3382 eum
548 3334 620 3381 non
645 3307 851 3382 constitisse
883 3307 955 3381 nisi
977 3307 1119 3381 duobus
1148 3306 1312 3404 dialogis,

188 3452 269 3502 cum
293 3453 340 3501 ex
362 3428 466 3501 codd.
489 3454 574 3502 mss.
597 3426 828 3516 melioribus,
863 3426 901 3499 iu
925 3426 1056 3525 quibus
1083 3427 1180 3500 inter
1202 3425 1315 3500 dialo-

187 3571 275 3646 gum
298 3547 455 3646 primum
478 3558 515 3620 et
537 3547 736 3621 secundum
758 3545 958 3619 editionum
984 3545 1208 3642 uulgatarum
1228 3543 1312 3618 nul·

188 3666 263 3740 lum
286 3664 442 3766 spatium
464 3666 676 3758 intercedit,
713 3678 880 3766 apparet,
917 3677 995 3739 tum
1018 3663 1063 3738 ab
1089 3664 1313 3764 Hieronymo

189 3786 235 3860 de
264 3786 375 3860 Prato
410 3786 447 3860 in
471 3786 596 3886 quinta
627 3786 880 3860 dissertatione
904 3784 957 3883 (V
958 3785 1003 3859 ol.
1026 3784 1044 3857 I
1066 3812 1099 3883 p.
1119 3786 1193 3858 266
1217 3785 1315 3882 sqq.)

190 3903 389 3980 luculenter
410 3907 697 3980 demonstratum
728 3918 792 3979 est.
820 3932 887 3979 nos
921 3931 1047 3979 uerum
1070 3903 1217 4002 quidem
1239 3903 1314 3975 dia-

188 4022 355 4123 logorum
378 4050 567 4099 numerum
589 4025 628 4098 in
651 4025 887 4124 inscriptione
908 4025 1151 4114 restituimus,
1182 4022 1245 4096 sed
1267 4047 1314 4096 ne

190 4144 349 4218 numeris
384 4144 489 4244 plane
533 4143 638 4217 nouis
673 4144 891 4218 introductis
939 4142 1102 4218 confusio
1138 4152 1312 4233 oreretur,

190 4263 299 4339 semel
321 4274 503 4364 receptam
525 4262 682 4363 capitum
706 4262 987 4364 descriptionem
1015 4272 1052 4336 et
1073 4261 1315 4336 enumeratio·

190 4409 273 4458 nem
295 4383 332 4457 in
355 4382 535 4458 indicibus
557 4382 781 4458 retinuimus
