3300 5142
614 534 727 592 (lhnou.
745 537 782 602 II,
801 536 922 594 tra-24.
1279 536 1320 602 ’19

199 691 292 758 nanta
319 691 455 774 primum
486 691 592 757 Iudaei
623 710 641 756 a
665 692 776 774 populo
801 692 938 758 Romano
961 692 1132 758 amititiam
1156 691 1322 774 foedusque

199 795 329 878 potiore:
352 794 541 878 benigneque
556 797 680 876 exeepta
700 795 829 879 rogato,
851 795 970 860 deoreto
991 796 1114 860 senatus
1135 793 1209 860 soeii
1230 796 1324 877 atque

200 897 293 963 amini
318 897 473 980 appellati.
497 897 624 962 interim
646 898 821 963 Demetrius
846 899 992 964 aduersus
1016 898 1128 962 Iudam
1152 917 1207 981 per
1231 898 1323 964 duem

200 1017 271 1066 suos
286 999 403 1066 bellum
417 999 550 1082 gerebat.
574 1017 609 1064 ao
622 1000 757 1082 primum
777 1019 832 1085 pen
850 1001 1035 1066 Baoehidam
1048 1000 1200 1083 quendam
1219 1003 1253 1065 et
1265 998 1352 1064 Aba

179 1101 317 1168 ⁵dimum
342 1103 492 1167 Iudaeum
510 1103 621 1167 duetus
642 1103 805 1168 exereitus:
838 1105 908 1186 post
931 1104 1065 1169 Nitamur
1088 1103 1169 1168 bello
1195 1119 1324 1185 praepe-

201 1205 280 1270 situs
307 1204 340 1269 in
359 1204 473 1286 proelio
494 1205 644 1270 oauxbuit.
667 1207 736 1270 tum
760 1207 927 1272 Baeehides
947 1208 982 1272 et
997 1206 1139 1271 Aloimus
1159 1204 1325 1287 resrrmptia

201 1307 320 1372 uiribus
335 1307 493 1389 aususque
507 1307 602 1389 eopiie
616 1307 780 1374 aduersum
800 1309 912 1374 Iudam
926 1309 1102 1393 oonfiiguut.
1125 1309 1158 1372 in
1172 1327 1209 1374 ea
1222 1325 1326 1392 pugna

201 1410 333 1475 uiatores
354 1409 423 1492 Syri
442 1411 564 1476 eruenta
583 1411 749 1478 admodum
770 1411 901 1478 uiatoria
918 1412 976 1477 uui.
999 1411 1132 1476 Hebraei
1166 1411 1200 1476 in
1223 1411 1326 1476 looum

201 1511 298 1578 Iudae
317 1513 493 1591 Ionatham,
521 1512 648 1578 baham
675 1514 755 1592 eiua,
784 1513 933 1598 deligunt
956 1515 1073 1580 interea
1091 1513 1233 1580 Aloimus
1255 1524 1354 1579 oumo

167 1615 291 1681 1⁰foede
314 1615 560 1698 Hierosolymam
585 1617 750 1696 metasset,
772 1617 918 1682 moritur:
940 1617 1107 1682 Baoehides
1128 1616 1210 1682 soeio
1230 1616 1326 1681 dash·

202 1718 290 1784 tutus
310 1719 349 1784 ad
369 1737 473 1802 regem
493 1719 582 1783 redit.
606 1719 676 1784 dein
695 1721 765 1802 post
784 1719 942 1785 biennium
960 1739 1066 1785 rursus
1079 1719 1246 1784 Baoohides
1260 1719 1326 1784 bel·

202 1821 270 1886 lum
284 1821 405 1886 Iudaeis
420 1821 543 1899 intulit,
565 1821 667 1887 niotus
691 1841 795 1904 paoem
821 1823 910 1905 peht
933 1843 1011 1906 quae
1034 1822 1198 1906 propositis
1222 1821 1326 1886 eondi-

202 1923 339 1989 tionibna
369 1923 461 2001 data,
495 1923 524 1987 si
547 1923 691 2008 perfugae
716 1925 913 2007 captiuosque
944 1927 977 1990 et
1005 1925 1109 1990 omnia
1132 1925 1212 1990 bello
1237 1925 1327 2007 rapta

202 2026 350 2091 redderet.

168 2153 194 2194 u
246 2129 329 2194 Dum
351 2127 425 2192 haee
446 2127 528 2193 intra
549 2129 695 2194 Iudaeam
714 2131 876 2213 geruntur,
899 2130 1071 2195 adolesosm
1085 2130 1213 2212 quidam
1225 2129 1378 2194 Rhodus

204 2231 365 2308 edueabrs,
387 2230 510 2298 nomine
530 2229 717 2309 Alexander,
748 2231 897 2298 Antiochi
917 2251 950 2296 se
970 2251 1035 2296 esse
1048 2231 1150 2296 filium
1170 2231 1326 2310 dictitans,

204 2333 413 2416 quodfalsum
433 2335 514 2412 erat,
536 2333 661 2399 adiutus
686 2333 796 2416 opibus,
819 2334 988 2400 Ptolemaei
1012 2335 1094 2418 regis
1118 2333 1327 2413 Alexandrini,

202 2435 235 2500 iu
254 2435 373 2519 Syriam
395 2454 466 2500 eum
480 2437 613 2501 exereitu
632 2436 733 2501 uenit:
756 2437 949 2503 Demetrium
962 2437 1043 2501 bello
1057 2439 1234 2520 superatum
1248 2436 1328 2502 oooi·

203 2539 264 2618 dit,
287 2557 357 2603 oum
372 2541 530 2623 regnasset
543 2557 636 2604 annos
657 2558 717 2604 xxx.
741 2539 792 2604 hie
811 2540 998 2618 Alexander,
1021 2541 1199 2622 priusquam
1219 2541 1357 2606 eduen-t

168 2650 255 2706 ”sus
280 2640 474 2705 Demetrium
499 2640 689 2725 confligeret,
712 2641 817 2707 foedus
839 2662 909 2708 oum
930 2643 1059 2708 Ionatha
1072 2642 1185 2707 feoerat
1198 2662 1329 2725 eumque
1362 2681 1365 2685 .

201 2744 288 2808 ueste
301 2761 454 2825 purpurea
466 2743 498 2808 ot
511 2743 684 2828 insignibus
698 2745 791 2829 regiis
806 2745 980 2812 donauerat.
1003 2746 1041 2810 ob
1057 2747 1138 2828 qnod
1152 2765 1223 2812 eum
1237 2747 1327 2812 Iona·

201 2846 257 2910 tha
270 2846 393 2910 auxiliis
407 2846 527 2912 iuuerat
541 2845 682 2929 uiotoque
697 2847 853 2922 Demetnio
874 2849 992 2930 primus
1011 2850 1152 2914 omnium
1165 2850 1327 2933 oongrata·

201 2949 300 3014 latum
315 2950 492 3013 ooourrerat.
516 2967 613 3031 neque
632 2949 737 3031 postea
756 2948 929 3016 Alexander
949 2951 1053 3016 datam
1074 2951 1166 3016 fidem
1181 2950 1325 3033 eorrupit

201 3051 246 3116 ita
271 3051 492 3134 quinquennio,
519 3069 579 3132 quo
604 3069 707 3116 rerum
731 3053 850 3134 potitus
875 3055 937 3131 est,
959 3071 1007 3117 res
1034 3053 1216 3117 Iudaeorum
1241 3055 1354 3124 tran-3

167 3163 192 3205 2⁵
201 3154 314 3236 quillus
335 3154 467 3220 fuerunt.
491 3154 589 3238 igitur
609 3153 788 3220 Demetrius
801 3155 952 3220 Demetrii
973 3155 1070 3234 filius,
1093 3155 1146 3238 qui
1160 3158 1229 3237 post
1243 3173 1326 3222 mor-

200 3257 265 3320 tem
289 3257 386 3338 patris
412 3254 535 3322 Cretam
568 3257 760 3341 confugerat,
793 3258 934 3324 hortante
957 3258 1108 3323 Lasthene
1137 3257 1326 3325 Cretensium

200 3358 291 3436 duos,
324 3377 452 3442 regnum
477 3359 613 3441 patrium
643 3360 723 3424 hello
754 3362 907 3442 repetens,
940 3362 1040 3443 impar
1070 3361 1189 3427 uiribus
1220 3363 1326 3428 Ptole·

200 3478 323 3525 meeum
338 3461 577 3526 Philometorem
597 3481 700 3546 regem
721 3463 872 3547 Aegypti,
896 3463 1062 3528 Alexandri
1082 3482 1234 3543 soeerum,
1261 3465 1325 3532 iam

199 3563 269 3626 tum
283 3581 392 3648 genero
408 3563 569 3642 infestum,
592 3565 629 3628 ut
643 3565 702 3629 sibi
718 3566 760 3630 sit
775 3567 903 3644 auxilio,
934 3566 1087 3651 implorat.
1110 3567 1164 3632 illa
1179 3587 1251 3632 uero
1265 3586 1355 3641 nona

166 3666 265 3730 ³⁰tam
279 3665 426 3750 supplicis
440 3666 579 3750 precibus
596 3687 689 3750 quam
704 3687 756 3751 spe
771 3667 875 3752 Syriae
890 3671 1079 3752 oeoupandae
1090 3671 1211 3736 illeetus
1223 3671 1324 3754 eopiae

200 3787 271 3834 eum
286 3787 320 3834 eo
335 3768 452 3852 iungit,
476 3789 510 3833 ao
525 3769 622 3836 filiam
643 3770 815 3838 Alexandro
841 3774 970 3855 nuptam
997 3773 1051 3838 dat
1076 3774 1241 3838 Demetrio.
1268 3775 1323 3839 ad·

301 3971 321 4029 4
338 3973 353 4026 Ι
369 3973 450 4028 Mauo.
469 3974 495 4032 9.
531 3974 569 4031 29
587 3975 601 4028 1
617 3976 698 4030 Haeo.
719 3977 763 4032 11.

250 4161 270 4216 4
288 4161 432 4215 alchimum
448 4163 520 4230 P(st
531 4164 571 4217 aio
583 4163 730 4232 deinceps),
749 4181 795 4218 em.
818 4165 958 4220 Giaeliaue
1020 4166 1039 4222 8
1056 4165 1098 4220 usi
1115 4167 1154 4221 P:
1173 4170 1236 4221 sunt
1247 4169 1290 4223 usi
1306 4170 1322 4223 b

210 4247 222 4314 ΙΙ
244 4245 559 4302 inlooumoooisiludae
572 4249 703 4319 Sigonius
753 4250 943 4307 9Ionathanb
1007 4251 1045 4308 10
1055 4252 1165 4306 sotioP
1216 4254 1252 4309 17
1264 4258 1322 4323 pto·

199 4330 278 4384 lomei
291 4332 318 4386 P
369 4333 406 4389 21
425 4333 586 4388 Jonuthasb
641 4335 678 4391 22
696 4336 801 4390 iuuit..
821 4336 1017 4390 ooonrritooai.
1031 4337 1166 4392 deProto
1216 4339 1255 4396 23
1266 4356 1321 4393 eor·

199 4416 274 4484 rupit
297 4417 335 4470 P:
354 4419 496 4472 uiolauitb
558 4420 595 4478 25
614 4421 765 4475 Demetrius
788 4422 900 4476 addidit
923 4421 1053 4491 suposito
1116 4424 1274 4480 261astene
1295 4427 1322 4480 P

252 4501 290 4557 27
307 4505 468 4573 ptolomeum
480 4503 688 4576 phylometorem
700 4508 728 4561 P
