3300 5142
633 558 745 616 chron
764 559 801 624 H,
819 559 900 616 2-4.
1287 561 1330 626 59

185 775 187 780 ,
213 711 296 794 pacis
318 713 448 796 speciem
469 713 617 780 traditum
639 713 770 792 constet,
794 713 1034 796 exercitibusque
1054 713 1180 792 nostris,
1203 713 1330 779 nrbibue

213 817 305 898 atquo
318 817 482 899 prouinciis
492 817 657 900 permixtas
671 817 814 882 barbaras
823 817 970 894 nationes,
983 817 1014 881 et
1023 817 1182 900 praecipue
1192 817 1329 895 Indseos,

213 919 293 984 inter
312 937 366 984 nos
387 921 496 1004 degere
516 937 571 985 nec
590 921 693 986 tumen
713 920 746 986 in
765 937 865 984 mores
883 920 1002 984 nostros
1020 919 1148 984 transim
1161 920 1329 986 uideamus.

213 1021 305 1103 atque
318 1022 392 1088 haec
402 1039 466 1086 esse
476 1021 628 1105 postrema
640 1023 802 1105 prophetas
813 1022 1002 1087 annuntient.
1018 1021 1051 1088 in
1064 1022 1166 1104 lupide
1179 1040 1251 1088 uero
1265 1023 1331 1088 sine
1342 1030 1358 1084 7

179 1147 191 1188 s
213 1123 354 1188 manibus
367 1125 514 1202 abscisso,
536 1125 589 1208 qui
603 1145 727 1202 aurum,
748 1126 923 1208 argentum,
942 1143 1007 1204 aes,
1029 1124 1144 1189 ferrum
1157 1126 1331 1207 testumque

213 1225 407 1306 comminuit,
431 1225 544 1291 Christi
566 1227 664 1312 figura
686 1229 741 1293 est.
769 1228 796 1291 is
818 1227 901 1292 enim
921 1245 981 1292 non
1006 1227 1177 1292 conditione
1198 1227 1332 1292 humana

212 1329 326 1408 editus,
355 1329 505 1410 siquidem
526 1347 586 1395 non
607 1349 643 1396 ox
664 1331 822 1396 uoluntate
844 1330 919 1406 uiri,
946 1330 1000 1395 sed
1020 1349 1057 1394 er
1077 1331 1142 1395 Deo
1163 1331 1253 1394 natus
1273 1331 1330 1408 est,

212 1432 360 1496 mundum
375 1431 484 1511 istum,
507 1433 540 1497 in
554 1451 613 1515 qno
629 1434 700 1498 sunt
713 1451 807 1518 regna
825 1435 992 1510 terrarum,
1014 1432 1047 1496 in
1058 1431 1199 1498 ,nibilum
1213 1431 1332 1516 rediget

212 1553 397 1618 regnumque
417 1535 502 1600 aliud
521 1535 729 1618 incorruptum
749 1538 841 1618 atque
859 1535 1054 1618 perpetuum,
1076 1534 1109 1598 id
1129 1535 1177 1599 est
1190 1534 1330 1599 futurum

161 1649 204 1701 ‘rc
212 1638 375 1730 saeculum,
388 1638 468 1720 quod
479 1639 591 1702 sanctis
603 1639 743 1720 paratum
755 1639 810 1717 est,
823 1637 1021 1703 confirmabit.
1037 1637 1076 1702 de
1090 1655 1149 1719 quo
1160 1655 1220 1702 uno
1233 1637 1360 1701 adduct

211 1740 412 1823 quorumdam
426 1741 502 1806 fides
516 1739 548 1805 in
563 1741 706 1825 ambiguo
722 1742 777 1820 est,
793 1757 854 1805 non
868 1740 1056 1806 credentium
1070 1740 1108 1804 de
1122 1739 1245 1817 futuris,
1261 1758 1332 1804 cum
1407 1758 1414 1770 ·

211 1843 249 1908 de
263 1843 435 1924 praeteritis
448 1843 672 1908 contineantur.
688 1843 785 1927 igitur
796 1843 906 1908 Daniel
916 1843 1025 1907 multis
1040 1860 1142 1926 aroge
1153 1842 1331 1907 muneribus

210 1947 355 2022 donatus,
378 1945 546 2027 praefectus
562 1946 746 2030 Babyloniae
766 1947 857 2029 atque
879 1946 962 2010 omni
982 1945 1125 2027 imperio,
1147 1945 1181 2010 in
1201 1935 1331 2010 summis

212 2048 376 2112 bonoribus
396 2048 572 2112 habebatur.
595 2049 661 2113 eius
681 2048 825 2132 suffragio
840 2047 1010 2124 Amanicas,
1033 2047 1158 2112 Acutius
1178 2049 1209 2112 et
1223 2047 1331 2112 Misael

177 2151 250 2215 read
261 2169 413 2216 summam
430 2169 524 2233 aeque
538 2151 722 2235 dignitatem
736 2151 768 2215 et
787 2151 969 2233 potestatem
983 2150 1128 2231 prouecti.
1149 2150 1255 2214 eodem
1270 2150 1359 2214 leros

211 2255 346 2335 ternpore
371 2253 524 2336 praeclara
548 2253 716 2318 Ezechielis
741 2253 901 2336 prophetia
914 2252 1031 2330 extitit,
1054 2252 1187 2317 reuelato
1201 2252 1231 2316 ei
1244 2251 1330 2316 futu·

211 2372 314 2420 rorum
329 2357 360 2419 et
373 2356 600 2420 resurrectionis
614 2356 769 2439 mysterio.
791 2356 874 2421 extat
893 2354 972 2419 liber
984 2355 1089 2438 magni
1103 2355 1202 2436 operis
1216 2354 1247 2419 et
1262 2371 1332 2418 cum

213 2476 285 2523 cura
299 2459 454 2542 legendus.

255 2561 300 2624 At
331 2561 364 2625 in
391 2561 516 2638 Iudaea,
562 2561 612 2626 cni
639 2563 707 2643 poet
734 2561 887 2626 excidium
913 2560 1143 2644 Hierosolymee
1170 2558 1360 2629 Godoliaml

178 2663 418 2746 repraepositum
433 2683 523 2746 supra
537 2665 783 2742 memoranimus‚
799 2682 888 2748 aegre
903 2663 1032 2728 ferentes
1045 2661 1151 2728 Iudaei
1164 2662 1332 2744 principem

213 2766 273 2830 sibi
288 2785 324 2831 ex
338 2766 432 2848 stirpe
451 2787 516 2831 coo
534 2769 619 2851 regia
638 2767 764 2832 arbitrio
783 2766 910 2831 uictoris
924 2767 1045 2844 datum,
1068 2765 1181 2830 Ismsol
1200 2765 1332 2847 quodam

213 2870 289 2934 duce
303 2870 335 2933 et
349 2869 528 2934 concitatore
542 2869 688 2934 nefandae
703 2869 932 2946 coniurationis,
952 2869 1109 2951 dispositis
1128 2887 1199 2933 eum
1214 2869 1247 2932 in
1260 2885 1331 2932 con·

213 2973 298 3037 uiuio
313 2972 433 3036 insidiis
447 2974 648 3053 peremcrrmt.
671 2973 703 3036 at
717 2971 760 3050 hi,
776 2972 830 3054 qui
845 2973 930 3036 extra
942 2971 1064 3036 noxium
1078 2970 1214 3047 fuerant,
1228 2970 1359 3033 ultuma

212 3074 257 3140 ire
271 3074 388 3139 lacinus
403 3075 557 3156 cupientes
575 3092 699 3157 propere
719 3075 881 3139 aduersum
896 3073 1008 3138 Ismael
1027 3091 1112 3137 arma
1125 3072 1257 3154 capiunt.
1278 3072 1330 3136 scd

178 3197 203 3240 rs
213 3181 248 3242 ct
261 3177 315 3258 ille
330 3177 472 3261 cognouit
486 3177 614 3242 exitium
625 3175 685 3240 sibi
699 3176 868 3254 imminere,
880 3175 986 3240 relicto
1001 3175 1143 3250 exercitu,
1155 3191 1247 3255 qnam
1261 3191 1332 3238 oon-

212 3281 359 3358 ueremi,
382 3296 441 3344 non
456 3280 588 3361 emplius
607 3283 669 3344 octo
688 3279 905 3344 comitantibus
922 3279 961 3343 sd
975 3275 1169 3342 Ammonitas
1183 3275 1331 3359 confugit.

213 3383 311 3466 igitur
324 3383 471 3464 populum
485 3383 662 3447 uniuersum
676 3382 778 3446 motus
792 3382 981 3464 peruaserat,
1001 3399 1040 3445 ne
1053 3397 1217 3461 paucorum
1233 3379 1359 3443 sceluss

214 3485 351 3550 omnium
371 3485 463 3578 exitio
477 3504 529 3550 ren
543 3485 729 3568 Babylonius
744 3484 846 3549 ultum
860 3485 934 3550 iret:
954 3501 1027 3548 num
1041 3483 1159 3564 praeter
1172 3480 1332 3547 Gudolium

318 3689 354 3748 15
373 3689 438 3742 Dan.
458 3689 484 3745 2.
522 3689 558 3746 19
576 3689 616 3742 lv
632 3689 696 3758 Reg.
715 3689 761 3747 25.
797 3686 906 3744 asser.
925 3685 966 3743 40
982 3701 1020 3754 so.

264 3860 283 3915 2
302 3861 329 3912 et
346 3859 483 3928 praecipue
500 3858 614 3914 ludaeos
631 3865 789 3928 corruptum
807 3864 897 3913 censet
908 3859 1036 3927 Bcracye
1054 3858 1069 3911 l.
1089 3874 1110 3911 c.
1162 3855 1332 3924 «ipostrema

214 3945 253 3998 P:
266 3947 397 4014 postiam
409 3947 527 4013 tempora
539 3945 554 3998 b
570 3945 582 4012 ΙΙ
597 3943 725 4013 propheta
737 3947 783 4012 (cc.
791 3943 907 4011 Daniel)
923 3942 1065 4014 annuntiat
1077 3943 1111 3995 de
1121 3942 1209 3995 Proto
1255 3940 1331 3998 511)-

214 4031 281 4084 sciso
294 4032 321 4085 P
342 4032 354 4098 ll
377 4046 421 4084 aes
434 4030 544 4098 compsi:
562 4045 615 4083 .es.
629 4029 691 4098 (sic)
705 4031 745 4098 P,
764 4031 830 4094 etb;
849 4030 884 4097 cf.
898 4029 972 4083 Dan.
985 4033 1014 4096 2,
1027 4031 1063 4082 35
1074 4028 1113 4096 (cs
1121 4043 1176 4095 pro
1192 4025 1332 4082 aescodcc

214 4115 296 4170 ctiam
313 4117 356 4183 II,
374 4119 402 4183 8,
420 4117 437 4169 5
454 4115 546 4184 baba)
609 4113 627 4170 6
645 4115 758 4184 figuram
769 4130 825 4168 esee
843 4116 858 4168 b
921 4114 940 4170 8
957 4114 1058 4183 redigit
1070 4113 1108 4177 P,
1127 4129 1174 4165 cm.
1193 4111 1332 4167 (deaclinae

267 4202 302 4258 11
322 4201 483 4256 credentium
505 4201 539 4255 de
561 4201 660 4254 Proto:
690 4199 846 4254 credendum
864 4201 892 4254 P
955 4198 1121 4255 moenalus
1144 4199 1182 4260 P,
1212 4203 1245 4252 ct
1262 4199 1329 4253 corsi.

220 4287 322 4342 Vocecb:
340 4287 479 4341 douatnrb
532 4285 738 4342 14‘misahelP
790 4285 827 4343 16
844 4285 1052 4339 hiezechielisP
1110 4282 1150 4340 20
1166 4281 1262 4337 Judaei
1274 4283 1332 4352 qni·

214 4373 275 4428 dam
286 4372 548 4428 oculebatdePraso
600 4371 636 4428 21
650 4371 785 4440 extirpeP
802 4373 814 4440 ΙΙ
834 4371 925 4424 noub:
943 4385 990 4424 om.
1005 4369 1033 4423 P
1088 4368 1127 4425 22
1140 4371 1291 4422 concentore
1306 4369 1333 4422 P

260 4457 772 4525 nantildeee2111e12,i11equiab
823 4455 861 4512 26
879 4471 935 4509 vn1
950 4471 1009 4509 acc:
1027 4470 1075 4509 om.
1091 4455 1130 4524 P,
1142 4454 1328 4526 quamoctob3

215 4545 249 4612 cs.
263 4544 359 4600 Jcrcm
373 4547 462 4611 41,15
514 4537 557 4600 28'
570 4543 736 4614 babyllonius
748 4543 776 4596 P
