3300 5142
593 518 706 574 Chron.
726 518 747 581 I,
765 517 885 578 47—50.
1258 518 1299 586 51

184 693 242 758 quo
261 673 435 757 occupauit:
462 675 603 757 idemque
622 673 713 738 Mane
738 672 859 740 insidiis
880 673 1016 756 exemplo
1037 673 1112 738 fecti
1131 672 1180 738 sui
1199 671 1301 755 periit.

183 777 274 844 Mene
295 778 433 860 ereptum
455 776 553 842 Sellae
574 775 739 858 imperium
761 776 862 842 tenuit
883 775 1006 858 filioque
1027 775 1145 864 Pachee
1165 774 1330 856 reliquita

184 880 313 946 eundem
328 897 399 944 uero
411 879 512 945 Peohe
524 878 648 961 quidem
660 878 796 945 eiusdem
807 878 939 944 nominis
949 878 1105 944 interemit
1114 896 1305 962 regnumque

184 983 352 1064 occupauit.
368 1000 437 1046 mor
451 982 491 1046 eb
503 981 578 1046 Osee
594 982 768 1064 peremptus
785 981 891 1046 eodem
905 981 1016 1046 scelere
1027 998 1086 1064 quo
1100 981 1305 1062 assumpserat

163 1085 349 1169 simpertum
364 1084 478 1150 amisit.
493 1084 544 1150 hio
558 1084 640 1150 ultre
653 1102 757 1149 omnes
767 1103 855 1168 reges
866 1084 1034 1165 superiores
1048 1083 1163 1166 impius
1176 1099 1334 1165 poenama

184 1188 246 1254 sibi
266 1189 501 1270 perpetuamque
522 1186 608 1272 genti
630 1186 843 1269 captiuitatem
861 1187 960 1254 aDeo
980 1187 1103 1252 meruit.
1124 1184 1305 1268 nemqueei

185 1289 390 1356 salmanassar
403 1309 455 1354 rex
465 1289 662 1373 Assyriorum
673 1288 780 1354 intulit
791 1289 908 1355 bollum
919 1290 1097 1371 motumque
1106 1287 1305 1353 tributarium

186 1391 246 1456 sibi
257 1391 366 1458 offecit.
379 1392 432 1458 sed
444 1410 515 1456 cum
525 1391 652 1456 occultis
664 1391 798 1456 consiliis
809 1391 1133 1473 rebellionemperaret
1142 1400 1334 1474 regemqu04

184 1494 388 1577 Aethiopum,
404 1493 540 1576 quitum
557 1493 736 1577 Aegyptum
751 1494 918 1576 optinobat,
933 1493 1129 1560 maurilium
1142 1494 1306 1558 arcesseret

150 1615 176 1656 ro
184 1595 276 1680 idque
287 1595 493 1662 Salmanasser
504 1597 707 1678 comperisset,
719 1596 874 1678 perpetuis
889 1616 960 1661 eum
970 1596 1101 1662 uinculis
1112 1595 1145 1661 in
1155 1613 1305 1661 oarcuem

184 1699 312 1766 coniecit
331 1699 497 1782 urbemque
517 1699 643 1777 excidit,
664 1699 810 1782 populum
831 1698 1011 1764 uniuersum
1024 1699 1058 1763 in
1070 1717 1200 1782 regnum
1214 1715 1306 1762 suum

183 1801 326 1880 abduxit,
347 1801 483 1884 Assyriis
504 1801 536 1866 in
555 1801 661 1866 hostili
683 1802 746 1866 solo
767 1801 806 1866 ad
826 1801 996 1867 custodiam
1010 1800 1127 1883 positis.
1150 1800 1257 1866 exinde
1271 1818 1307 1865 ea

183 1921 252 1986 pers
258 1903 396 1968 Samaria
405 1903 565 1985 appellate,
575 1903 655 1985 quod
668 1903 774 1988 lingua
782 1903 980 1988 Assyriorum
990 1904 1130 1969 custodes
1141 1903 1308 1968 Samarites

183 2006 302 2072 uocant.
318 2025 353 2070 ex
368 2005 478 2088 quibus
489 2006 625 2088 plerique
636 2006 756 2071 diuinas
767 2006 969 2072 caeremonias
980 2008 1166 2088 recepenmt,
1181 2005 1308 2089 reliquis

151 2107 216 2174 rein
231 2125 329 2174 erroro
343 2107 526 2192 gentilitatis
540 2107 812 2190 perseuerantibus.
838 2109 896 2173 hoo
909 2108 989 2173 bello
1004 2109 1115 2173 Tobiae
1130 2109 1163 2174 in
1176 2110 1336 2192 captiui-5

184 2211 282 2277 talem
296 2212 406 2276 ductus
421 2212 475 2276 est.
491 2212 525 2275 at
535 2210 567 2276 in
577 2211 662 2293 parte
674 2211 804 2275 duarum
815 2211 954 2275 tribuum
965 2210 1129 2276 rerhchae
1143 2212 1181 2276 ob
1196 2213 1307 2294 impis-

184 2313 281 2378 tatem
296 2312 413 2378 inuisus
427 2313 501 2390 Deo,
517 2330 584 2378 cum
601 2312 803 2378 finitimorum
817 2313 907 2380 bellis
922 2331 1010 2395 saepo
1024 2316 1221 2395 premeretur,
1236 2315 1308 2380 deos

184 2416 324 2500 gentium
347 2415 443 2480 colere
468 2415 617 2492 decreuit,
650 2415 798 2480 nimirum
820 2414 893 2497 quia
918 2433 1022 2480 eorum
1043 2416 1157 2481 auxilio
1178 2416 1309 2484 uictores
1369 2449 1373 2456 ·

184 2517 393 2600 frequentibus
406 2517 529 2600 proeliis
544 2518 724 2584 extitissent.
739 2517 785 2582 itu
798 2517 832 2582 in
845 2517 902 2583 hoc
916 2517 1049 2584 nefanae
1063 2519 1175 2584 mentis
1189 2519 1308 2602 piaculo

151 2638 176 2682 eo
185 2620 268 2686 diem
282 2619 405 2688 semotus
420 2622 474 2698 est,
491 2638 560 2684 oum
575 2639 636 2686 xvr
652 2621 737 2688 annis
752 2620 786 2685 in
799 2639 892 2704 regno
907 2621 1025 2686 fnisset.

228 2722 311 2787 Huic
331 2723 474 2788 Ezechias
496 2723 577 2788 filius
600 2723 759 2801 successit,
782 2723 917 2806 multum
938 2725 1057 2805 paterni
1078 2724 1238 2790 dissimilis
1259 2725 1308 2791 in·
1320 2739 1360 2802 50

186 2824 278 2910 genii.
294 2842 424 2907 namque
438 2825 527 2890 initio
541 2824 628 2910 regni
649 2825 796 2907 populum
817 2826 1045 2909 sacerdotesque
1061 2827 1100 2892 ad
1116 2827 1174 2892 Dei
1191 2827 1309 2892 cultum

187 2927 360 2994 cohortatus
388 2927 497 2992 multis
524 2927 683 3005 disseruit,
713 2929 749 2993 ut
775 2926 948 3010 frequenter
976 2929 1117 3013 castigati
1139 2949 1157 2994 e
1177 2929 1309 2994 Domino

188 3031 307 3113 saepius
318 3031 417 3096 essent
428 3030 666 3096 misericordiam
677 3031 838 3108 consecuti,
852 3032 888 3096 ut
897 3032 1086 3113 postremum
1095 3031 1200 3096 decem
1210 3031 1310 3096 tribus

153 3133 220 3200 ain
246 3133 458 3216 captiuitatem
484 3151 580 3215 nuper
601 3133 748 3198 abductae
775 3133 928 3217 sacrilegii
955 3151 1065 3215 poenas
1092 3133 1308 3198 dissoluerent:

188 3237 355 3302 curandum
370 3235 413 3301 eis
429 3235 533 3301 sedulo
547 3254 585 3300 ne
605 3236 710 3300 eadem
730 3235 796 3318 pati
815 3237 1012 3301 mererentur.
1035 3235 1079 3300 ite
1099 3236 1250 3301 muuersis
1270 3236 1337 3304 adu

187 3338 366 3424 religionem
387 3338 525 3404 omniurn
545 3337 655 3404 animis
669 3337 794 3403 Leuitas
809 3339 1038 3421 sacerdotesque
1057 3356 1162 3404 omnes
1176 3340 1215 3403 ud
1230 3339 1309 3405 oele-

188 3441 303 3506 brande
326 3441 492 3506 secundum
512 3442 612 3525 legem
633 3440 780 3506 sacrificia
800 3441 955 3506 ordinauit
974 3441 1178 3524 celebrarique
1193 3442 1310 3506 Pascha

188 3543 279 3609 instit
302 3543 340 3622 't,
361 3544 442 3626 quod
462 3543 525 3608 iam
545 3543 663 3626 pridem
684 3543 784 3608 fuerat
803 3544 961 3608 omissum.
983 3562 1113 3626 cumque
1133 3545 1198 3609 dies
1213 3543 1337 3610 festus8

292 3763 328 3819 21
349 3763 386 3816 lv
404 3763 467 3833 Reg.
489 3764 533 3820 18.
553 3763 581 3850 Il
598 3764 658 3818 Par.
677 3763 723 3821 29.
760 3765 798 3821 28
819 3763 843 3818 ll
861 3764 920 3818 Par.
940 3763 986 3821 30.

243 3970 259 4025 1
278 3985 355 4024 mane
375 3971 415 4039 P,
437 3975 468 4024 ut
488 3971 558 4026 coni.
577 3969 608 4024 G.
622 3970 748 4026 Richter:
768 3969 864 4024 Mance
885 3970 912 4033 b,
934 3966 1064 4041 Muvuq'p
1079 3970 1166 4025 LXX
1179 3971 1192 4037 ΙΙ
1209 3968 1307 4039 peritb

242 4053 261 4110 3
278 4054 360 4123 pache
370 4056 408 4109 P:
426 4054 553 4124 Pachab,·
571 4057 603 4110 ie
612 4055 698 4110 LXX
705 4055 877 4124 ebdom
882 4055 948 4125 sep.
958 4058 1001 4123 15,
1010 4057 1063 4122 22)
1074 4060 1196 4116 Φακείας
1247 4055 1265 4112 7
1283 4063 1310 4112 et

192 4139 230 4198 10
242 4139 423 4195 Selmenesser
433 4141 488 4195 Po:
506 4141 687 4196 salmanasser
696 4141 754 4197 edd.
765 4146 875 4196 receett.
929 4139 948 4197 9
966 4143 1112 4195 accerseret
1127 4141 1144 4196 b
1196 4141 1233 4199 13
1244 4145 1311 4212 quot

191 4226 219 4280 P
265 4225 301 4283 16
313 4225 521 4291 hohust,em.
532 4226 801 4291 &Prudentem
812 4226 900 4280 LXX
910 4229 1115 4295 etmprac47
1161 4226 1198 4284 18
1211 4227 1309 4283 auxilio

191 4311 230 4366 P:
243 4310 680 4382 illelilleeeddeeqqhuxiliob
739 4311 775 4369 19
787 4311 956 4381 nephariaeb
1013 4310 1050 4367 21
1062 4310 1170 4366 Raecius
1186 4313 1310 4368 Mus

244 4396 283 4454 24
299 4399 481 4467 consequutib
544 4397 750 4456 secerdotes
811 4397 1030 4454 uehementer
1046 4412 1109 4452 noe:
1127 4401 1262 4453 merentur
1273 4399 1307 4464 P,

191 4484 370 4538 mereanturb
422 4482 460 4540 28
479 4484 608 4539 ewrifioia
619 4485 648 4538 b:
666 4483 808 4553 sacrilegia
820 4483 847 4537 P

1061 4569 1105 4633 4*
