<?xml version="1.0" encoding="UTF-8"?>
<!DOCTYPE html PUBLIC "-//W3C//DTD XHTML 1.0 Transitional//EN"
    "http://www.w3.org/TR/xhtml1/DTD/xhtml1-transitional.dtd">
<html xmlns="http://www.w3.org/1999/xhtml" xml:lang="en" lang="en">
 <head>
  <title>
</title>
<meta http-equiv="Content-Type" content="text/html;charset=utf-8" />
  <meta name='ocr-system' content='tesseract 3.04.00' />
  <meta name='ocr-capabilities' content='ocr_page ocr_carea ocr_par ocr_line ocrx_word'/>
</head>
<body>
  <div class='ocr_page' id='page_1' title='image "./corpusscriptoru12wissgoog_0413.png"; bbox 0 0 3300 5142; ppageno 0'>
   <div class='ocr_carea' id='block_1_1' title="bbox 717 528 1354 598">
    <p class='ocr_par' dir='ltr' id='par_1_1' title="bbox 717 528 1354 598">
     <span class='ocr_line' id='line_1_1' title="bbox 717 528 1354 598; baseline -0.005 -14"><span class='ocrx_word' id='word_1_1' title='bbox 717 528 780 598; x_wconf 84' lang='lat' dir='ltr'><strong>Cap.</strong></span> <span class='ocrx_word' id='word_1_2' title='bbox 801 530 880 585; x_wconf 89' lang='grc'><strong>1-2.</strong></span> <span class='ocrx_word' id='word_1_3' title='bbox 1314 530 1354 593; x_wconf 78' lang='grc' dir='ltr'>Π</span> 
     </span>
    </p>
   </div>
   <div class='ocr_carea' id='block_1_2' title="bbox 198 685 1459 3467">
    <p class='ocr_par' dir='ltr' id='par_1_2' title="bbox 198 685 1459 3467">
     <span class='ocr_line' id='line_1_2' title="bbox 230 685 1359 751; baseline -0.002 0"><span class='ocrx_word' id='word_1_4' title='bbox 230 686 420 751; x_wconf 80' lang='lat' dir='ltr'><strong>miserandae</strong></span> <span class='ocrx_word' id='word_1_5' title='bbox 434 687 516 750; x_wconf 88' lang='lat' dir='ltr'><strong>necis</strong></span> <span class='ocrx_word' id='word_1_6' title='bbox 531 687 661 751; x_wconf 81' lang='lat' dir='ltr'><strong>exitium</strong></span> <span class='ocrx_word' id='word_1_7' title='bbox 683 688 874 751; x_wconf 81' lang='lat' dir='ltr'><strong>renascatur:</strong></span> <span class='ocrx_word' id='word_1_8' title='bbox 905 687 936 750; x_wconf 92' lang='lat' dir='ltr'><strong>et</strong></span> <span class='ocrx_word' id='word_1_9' title='bbox 958 704 1028 750; x_wconf 87' lang='lat' dir='ltr'><strong>cum</strong></span> <span class='ocrx_word' id='word_1_10' title='bbox 1048 685 1123 751; x_wconf 87' lang='lat' dir='ltr'><strong>haec</strong></span> <span class='ocrx_word' id='word_1_11' title='bbox 1146 685 1235 750; x_wconf 88' lang='lat' dir='ltr'><strong>certis</strong></span> <span class='ocrx_word' id='word_1_12' title='bbox 1250 685 1359 750; x_wconf 89' lang='lat' dir='ltr'><strong>diebus</strong></span> 
     </span>
     <span class='ocr_line' id='line_1_3' title="bbox 230 788 1359 873; baseline 0.001 -20"><span class='ocrx_word' id='word_1_13' title='bbox 230 788 368 867; x_wconf 76' lang='lat' dir='ltr'><strong>fecerint,</strong></span> <span class='ocrx_word' id='word_1_14' title='bbox 384 790 458 854; x_wconf 89' lang='lat' dir='ltr'><strong>tunc</strong></span> <span class='ocrx_word' id='word_1_15' title='bbox 469 790 588 873; x_wconf 79' lang='lat' dir='ltr'><strong>ungunt</strong></span> <span class='ocrx_word' id='word_1_16' title='bbox 599 807 631 853; x_wconf 91' lang='lat' dir='ltr'><strong>se</strong></span> <span class='ocrx_word' id='word_1_17' title='bbox 641 789 767 854; x_wconf 87' lang='lat' dir='ltr'><strong>lacerati</strong></span> <span class='ocrx_word' id='word_1_18' title='bbox 777 788 910 871; x_wconf 88' lang='lat' dir='ltr'><strong>corporis</strong></span> <span class='ocrx_word' id='word_1_19' title='bbox 924 789 1070 872; x_wconf 81' lang='lat' dir='ltr'><strong>reliquias</strong></span> <span class='ocrx_word' id='word_1_20' title='bbox 1081 809 1227 870; x_wconf 80' lang='lat' dir='ltr'><strong>quaerere</strong></span> <span class='ocrx_word' id='word_1_21' title='bbox 1241 791 1273 854; x_wconf 90' lang='lat' dir='ltr'><strong>ot</strong></span> <span class='ocrx_word' id='word_1_22' title='bbox 1287 808 1359 854; x_wconf 89' lang='lat' dir='ltr'><strong>cum</strong></span> 
     </span>
     <span class='ocr_line' id='line_1_4' title="bbox 231 891 1389 977; baseline -0.001 -20"><span class='ocrx_word' id='word_1_23' title='bbox 231 892 418 971; x_wconf 90' lang='lat' dir='ltr'><strong>inuenerint,</strong></span> <span class='ocrx_word' id='word_1_24' title='bbox 435 893 523 974; x_wconf 88' lang='lat' dir='ltr'><strong>quasi</strong></span> <span class='ocrx_word' id='word_1_25' title='bbox 532 892 640 975; x_wconf 88' lang='lat' dir='ltr'><strong>sopitis</strong></span> <span class='ocrx_word' id='word_1_26' title='bbox 651 891 787 957; x_wconf 88' lang='lat' dir='ltr'><strong>luctibus</strong></span> <span class='ocrx_word' id='word_1_27' title='bbox 798 893 944 977; x_wconf 88' lang='lat' dir='ltr'><strong>gaudent.</strong></span> <span class='ocrx_word' id='word_1_28' title='bbox 964 894 1106 959; x_wconf 82' lang='lat' dir='ltr'><strong>omisere</strong></span> <span class='ocrx_word' id='word_1_29' title='bbox 1117 893 1268 959; x_wconf 87' lang='lat' dir='ltr'><strong>etcaduca</strong></span> <span class='ocrx_word' id='word_1_30' title='bbox 1276 903 1389 957; x_wconf 86' lang='lat' dir='ltr'><strong>mor-4</strong></span> 
     </span>
     <span class='ocr_line' id='line_1_5' title="bbox 230 996 1358 1081; baseline 0.001 -20"><span class='ocrx_word' id='word_1_31' title='bbox 230 996 391 1061; x_wconf 83' lang='lat' dir='ltr'><strong>talitasiut</strong></span> <span class='ocrx_word' id='word_1_32' title='bbox 405 996 529 1081; x_wconf 87' lang='lat' dir='ltr'><strong>regibus</strong></span> <span class='ocrx_word' id='word_1_33' title='bbox 544 997 607 1062; x_wconf 87' lang='lat' dir='ltr'><strong>tuis</strong></span> <span class='ocrx_word' id='word_1_34' title='bbox 622 1015 676 1079; x_wconf 90' lang='lat' dir='ltr'><strong>por</strong></span> <span class='ocrx_word' id='word_1_35' title='bbox 690 1015 784 1062; x_wconf 90' lang='lat' dir='ltr'><strong>annos</strong></span> <span class='ocrx_word' id='word_1_36' title='bbox 799 997 938 1081; x_wconf 86' lang='lat' dir='ltr'><strong>singulos</strong></span> <span class='ocrx_word' id='word_1_37' title='bbox 953 997 1090 1063; x_wconf 84' lang='lat' dir='ltr'><strong>funestas</strong></span> <span class='ocrx_word' id='word_1_38' title='bbox 1102 1000 1211 1063; x_wconf 92' lang='lat' dir='ltr'><strong>mittas</strong></span> <span class='ocrx_word' id='word_1_39' title='bbox 1223 997 1358 1075; x_wconf 85' lang='lat' dir='ltr'><strong>inferias,</strong></span> 
     </span>
     <span class='ocr_line' id='line_1_6' title="bbox 211 1099 1360 1184; baseline 0.003 -25"><span class='ocrx_word' id='word_1_40' title='bbox 211 1099 369 1183; x_wconf 82' lang='lat' dir='ltr'><strong>:neglecto</strong></span> <span class='ocrx_word' id='word_1_41' title='bbox 384 1100 449 1165; x_wconf 89' lang='lat' dir='ltr'><strong>Deo</strong></span> <span class='ocrx_word' id='word_1_42' title='bbox 464 1119 595 1179; x_wconf 89' lang='lat' dir='ltr'><strong>summo,</strong></span> <span class='ocrx_word' id='word_1_43' title='bbox 611 1101 665 1184; x_wconf 92' lang='lat' dir='ltr'><strong>qui</strong></span> <span class='ocrx_word' id='word_1_44' title='bbox 680 1101 783 1166; x_wconf 87' lang='lat' dir='ltr'><strong>omnia</strong></span> <span class='ocrx_word' id='word_1_45' title='bbox 797 1101 903 1166; x_wconf 89' lang='lat' dir='ltr'><strong>diuina</strong></span> <span class='ocrx_word' id='word_1_46' title='bbox 918 1101 1041 1167; x_wconf 85' lang='lat' dir='ltr'><strong>artificii</strong></span> <span class='ocrx_word' id='word_1_47' title='bbox 1057 1101 1261 1166; x_wconf 72' lang='lat' dir='ltr'><strong>moderatiene</strong></span> <span class='ocrx_word' id='word_1_48' title='bbox 1275 1118 1360 1166; x_wconf 89' lang='lat' dir='ltr'><strong>com-</strong></span> 
     </span>
     <span class='ocr_line' id='line_1_7' title="bbox 232 1203 1360 1288; baseline -0.002 -20"><span class='ocrx_word' id='word_1_49' title='bbox 232 1204 351 1288; x_wconf 89' lang='lat' dir='ltr'><strong>posuit,</strong></span> <span class='ocrx_word' id='word_1_50' title='bbox 382 1204 413 1268; x_wconf 91' lang='lat' dir='ltr'><strong>et</strong></span> <span class='ocrx_word' id='word_1_51' title='bbox 433 1222 519 1287; x_wconf 90' lang='lat' dir='ltr'><strong>spem</strong></span> <span class='ocrx_word' id='word_1_52' title='bbox 539 1206 627 1269; x_wconf 91' lang='lat' dir='ltr'><strong>tuam</strong></span> <span class='ocrx_word' id='word_1_53' title='bbox 643 1205 745 1287; x_wconf 88' lang='lat' dir='ltr'><strong>perdis</strong></span> <span class='ocrx_word' id='word_1_54' title='bbox 760 1207 792 1270; x_wconf 90' lang='lat' dir='ltr'><strong>et</strong></span> <span class='ocrx_word' id='word_1_55' title='bbox 806 1206 921 1283; x_wconf 89' lang='lat' dir='ltr'><strong>uitam,</strong></span> <span class='ocrx_word' id='word_1_56' title='bbox 952 1224 1007 1270; x_wconf 91' lang='lat' dir='ltr'><strong>neo</strong></span> <span class='ocrx_word' id='word_1_57' title='bbox 1029 1205 1142 1270; x_wconf 83' lang='lat' dir='ltr'><strong>ostensi</strong></span> <span class='ocrx_word' id='word_1_58' title='bbox 1157 1204 1216 1270; x_wconf 93' lang='lat' dir='ltr'><strong>tibi</strong></span> <span class='ocrx_word' id='word_1_59' title='bbox 1231 1203 1360 1267; x_wconf 90' lang='lat' dir='ltr'><strong>luminis</strong></span> 
     </span>
     <span class='ocr_line' id='line_1_8' title="bbox 232 1304 1459 1390; baseline -0.004 -19"><span class='ocrx_word' id='word_1_60' title='bbox 232 1307 390 1390; x_wconf 88' lang='lat' dir='ltr'><strong>splendore</strong></span> <span class='ocrx_word' id='word_1_61' title='bbox 406 1306 567 1390; x_wconf 88' lang='lat' dir='ltr'><strong>corrigeris</strong></span> <span class='ocrx_word' id='word_1_62' title='bbox 581 1323 637 1371; x_wconf 87' lang='lat' dir='ltr'><strong>nec</strong></span> <span class='ocrx_word' id='word_1_63' title='bbox 655 1307 659 1389; x_wconf 83' lang='grc' dir='ltr'>Ι</span> <span class='ocrx_word' id='word_1_64' title='bbox 679 1307 874 1387; x_wconf 85' lang='lat' dir='ltr'><strong>recuperatae</strong></span> <span class='ocrx_word' id='word_1_65' title='bbox 899 1306 1055 1371; x_wconf 87' lang='lat' dir='ltr'><strong>libertatis</strong></span> <span class='ocrx_word' id='word_1_66' title='bbox 1077 1305 1198 1388; x_wconf 86' lang='lat' dir='ltr'><strong>quaeris</strong></span> <span class='ocrx_word' id='word_1_67' title='bbox 1225 1304 1459 1388; x_wconf 65' lang='lat' dir='ltr'><strong>insigniant:-</strong></span> 
     </span>
     <span class='ocr_line' id='line_1_9' title="bbox 200 1408 1360 1494; baseline -0.006 -16"><span class='ocrx_word' id='word_1_68' title='bbox 200 1423 204 1431; x_wconf 86' lang='grc'><strong>’</strong></span> <span class='ocrx_word' id='word_1_69' title='bbox 231 1430 287 1478; x_wconf 91' lang='lat' dir='ltr'><strong>uec</strong></span> <span class='ocrx_word' id='word_1_70' title='bbox 301 1429 388 1494; x_wconf 89' lang='lat' dir='ltr'><strong>spem</strong></span> <span class='ocrx_word' id='word_1_71' title='bbox 409 1411 546 1476; x_wconf 89' lang='lat' dir='ltr'><strong>redditae</strong></span> <span class='ocrx_word' id='word_1_72' title='bbox 561 1410 622 1475; x_wconf 93' lang='lat' dir='ltr'><strong>tibi</strong></span> <span class='ocrx_word' id='word_1_73' title='bbox 636 1410 746 1474; x_wconf 90' lang='lat' dir='ltr'><strong>salutis</strong></span> <span class='ocrx_word' id='word_1_74' title='bbox 761 1410 901 1493; x_wconf 85' lang='lat' dir='ltr'><strong>agnoscis</strong></span> <span class='ocrx_word' id='word_1_75' title='bbox 916 1428 971 1475; x_wconf 90' lang='lat' dir='ltr'><strong>noc</strong></span> <span class='ocrx_word' id='word_1_76' title='bbox 984 1429 1019 1474; x_wconf 85' lang='lat' dir='ltr'><strong>en</strong></span> <span class='ocrx_word' id='word_1_77' title='bbox 1033 1409 1220 1492; x_wconf 87' lang='lat' dir='ltr'><strong>paenitentia</strong></span> <span class='ocrx_word' id='word_1_78' title='bbox 1241 1408 1360 1489; x_wconf 88' lang='lat' dir='ltr'><strong>praete-</strong></span> 
     </span>
     <span class='ocr_line' id='line_1_10' title="bbox 232 1514 1391 1598; baseline -0.003 -17"><span class='ocrx_word' id='word_1_79' title='bbox 232 1516 363 1581; x_wconf 89' lang='lat' dir='ltr'><strong>rltorum</strong></span> <span class='ocrx_word' id='word_1_80' title='bbox 378 1515 543 1581; x_wconf 82' lang='lat' dir='ltr'><strong>culminum</strong></span> <span class='ocrx_word' id='word_1_81' title='bbox 557 1514 784 1598; x_wconf 87' lang='lat' dir='ltr'><strong>indulgentiam</strong></span> <span class='ocrx_word' id='word_1_82' title='bbox 797 1514 945 1595; x_wconf 83' lang='lat' dir='ltr'><strong>postulas.</strong></span> <span class='ocrx_word' id='word_1_83' title='bbox 962 1514 1077 1579; x_wconf 87' lang='lat' dir='ltr'><strong>frustra</strong></span> <span class='ocrx_word' id='word_1_84' title='bbox 1088 1515 1148 1579; x_wconf 92' lang='lat' dir='ltr'><strong>tibi</strong></span> <span class='ocrx_word' id='word_1_85' title='bbox 1159 1515 1238 1580; x_wconf 93' lang='lat' dir='ltr'><strong>hanc</strong></span> <span class='ocrx_word' id='word_1_86' title='bbox 1249 1522 1391 1598; x_wconf 88' lang='lat' dir='ltr'><strong>aquam5</strong></span> 
     </span>
     <span class='ocr_line' id='line_1_11' title="bbox 198 1618 1362 1702; baseline 0.003 -23"><span class='ocrx_word' id='word_1_87' title='bbox 198 1640 224 1679; x_wconf 78' lang='lat' dir='ltr'><strong>ro</strong></span> <span class='ocrx_word' id='word_1_88' title='bbox 233 1638 326 1702; x_wconf 89' lang='lat' dir='ltr'><strong>quam</strong></span> <span class='ocrx_word' id='word_1_89' title='bbox 341 1619 417 1684; x_wconf 87' lang='lat' dir='ltr'><strong>colle</strong></span> <span class='ocrx_word' id='word_1_90' title='bbox 427 1622 519 1701; x_wconf 89' lang='lat' dir='ltr'><strong>putas</strong></span> <span class='ocrx_word' id='word_1_91' title='bbox 534 1618 700 1701; x_wconf 88' lang='lat' dir='ltr'><strong>aliquando</strong></span> <span class='ocrx_word' id='word_1_92' title='bbox 722 1618 881 1700; x_wconf 88' lang='lat' dir='ltr'><strong>prodesse:</strong></span> <span class='ocrx_word' id='word_1_93' title='bbox 912 1618 974 1683; x_wconf 91' lang='lat' dir='ltr'><strong>alla</strong></span> <span class='ocrx_word' id='word_1_94' title='bbox 989 1620 1036 1683; x_wconf 88' lang='lat' dir='ltr'><strong>est</strong></span> <span class='ocrx_word' id='word_1_95' title='bbox 1052 1638 1132 1701; x_wconf 89' lang='lat' dir='ltr'><strong>aqua</strong></span> <span class='ocrx_word' id='word_1_96' title='bbox 1147 1638 1208 1699; x_wconf 91' lang='lat' dir='ltr'><strong>qua</strong></span> <span class='ocrx_word' id='word_1_97' title='bbox 1221 1618 1362 1684; x_wconf 89' lang='lat' dir='ltr'><strong>renouati</strong></span> 
     </span>
     <span class='ocr_line' id='line_1_12' title="bbox 233 1720 1362 1805; baseline -0.002 -18"><span class='ocrx_word' id='word_1_98' title='bbox 233 1723 371 1788; x_wconf 89' lang='lat' dir='ltr'><strong>homines</strong></span> <span class='ocrx_word' id='word_1_99' title='bbox 385 1722 590 1787; x_wconf 88' lang='lat' dir='ltr'><strong>renascantur.</strong></span> <span class='ocrx_word' id='word_1_100' title='bbox 613 1722 693 1787; x_wconf 90' lang='lat' dir='ltr'><strong>hanc</strong></span> <span class='ocrx_word' id='word_1_101' title='bbox 703 1740 826 1805; x_wconf 90' lang='lat' dir='ltr'><strong>aquam,</strong></span> <span class='ocrx_word' id='word_1_102' title='bbox 842 1741 935 1805; x_wconf 89' lang='lat' dir='ltr'><strong>quam</strong></span> <span class='ocrx_word' id='word_1_103' title='bbox 950 1722 1025 1786; x_wconf 90' lang='lat' dir='ltr'><strong>coiis</strong></span> <span class='ocrx_word' id='word_1_104' title='bbox 1039 1740 1093 1804; x_wconf 88' lang='lat' dir='ltr'><strong>per</strong></span> <span class='ocrx_word' id='word_1_105' title='bbox 1108 1739 1202 1787; x_wconf 90' lang='lat' dir='ltr'><strong>annos</strong></span> <span class='ocrx_word' id='word_1_106' title='bbox 1213 1720 1362 1804; x_wconf 86' lang='lat' dir='ltr'><strong>singulos,</strong></span> 
     </span>
     <span class='ocr_line' id='line_1_13' title="bbox 232 1823 1364 1907; baseline -0.004 -16"><span class='ocrx_word' id='word_1_107' title='bbox 232 1828 282 1893; x_wconf 92' lang='lat' dir='ltr'><strong>uis</strong></span> <span class='ocrx_word' id='word_1_108' title='bbox 297 1827 359 1892; x_wconf 89' lang='lat' dir='ltr'><strong>alia</strong></span> <span class='ocrx_word' id='word_1_109' title='bbox 369 1825 502 1891; x_wconf 91' lang='lat' dir='ltr'><strong>decoctis</strong></span> <span class='ocrx_word' id='word_1_110' title='bbox 517 1844 665 1891; x_wconf 90' lang='lat' dir='ltr'><strong>uenarum</strong></span> <span class='ocrx_word' id='word_1_111' title='bbox 680 1825 836 1891; x_wconf 89' lang='lat' dir='ltr'><strong>meatibus</strong></span> <span class='ocrx_word' id='word_1_112' title='bbox 851 1826 946 1891; x_wconf 88' lang='lat' dir='ltr'><strong>siccat</strong></span> <span class='ocrx_word' id='word_1_113' title='bbox 961 1826 1017 1891; x_wconf 87' lang='lat' dir='ltr'><strong>aut</strong></span> <span class='ocrx_word' id='word_1_114' title='bbox 1031 1826 1111 1889; x_wconf 88' lang='lat' dir='ltr'><strong>certe</strong></span> <span class='ocrx_word' id='word_1_115' title='bbox 1126 1824 1265 1889; x_wconf 86' lang='lat' dir='ltr'><strong>funestus</strong></span> <span class='ocrx_word' id='word_1_116' title='bbox 1280 1823 1364 1907; x_wconf 88' lang='lat' dir='ltr'><strong>ragis</strong></span> 
     </span>
     <span class='ocr_line' id='line_1_14' title="bbox 233 1925 1363 2015; baseline -0.005 -20"><span class='ocrx_word' id='word_1_117' title='bbox 233 1931 281 1995; x_wconf 91' lang='lat' dir='ltr'><strong>tui</strong></span> <span class='ocrx_word' id='word_1_118' title='bbox 302 1931 427 2015; x_wconf 88' lang='lat' dir='ltr'><strong>sanguis</strong></span> <span class='ocrx_word' id='word_1_119' title='bbox 449 1930 633 1994; x_wconf 91' lang='lat' dir='ltr'><strong>inmaculat:</strong></span> <span class='ocrx_word' id='word_1_120' title='bbox 663 1930 752 1995; x_wconf 90' lang='lat' dir='ltr'><strong>illam</strong></span> <span class='ocrx_word' id='word_1_121' title='bbox 772 1948 866 2012; x_wconf 91' lang='lat' dir='ltr'><strong>quam</strong></span> <span class='ocrx_word' id='word_1_122' title='bbox 882 1929 1011 2011; x_wconf 86' lang='lat' dir='ltr'><strong>despicis</strong></span> <span class='ocrx_word' id='word_1_123' title='bbox 1034 1928 1177 2014; x_wconf 85' lang='lat' dir='ltr'><strong>ignitam,</strong></span> <span class='ocrx_word' id='word_1_124' title='bbox 1198 1925 1363 1991; x_wconf 90' lang='lat' dir='ltr'><strong>uenerandi</strong></span> 
     </span>
     <span class='ocr_line' id='line_1_15' title="bbox 234 2029 1364 2117; baseline -0.005 -18"><span class='ocrx_word' id='word_1_125' title='bbox 234 2034 362 2117; x_wconf 89' lang='lat' dir='ltr'><strong>spiritus</strong></span> <span class='ocrx_word' id='word_1_126' title='bbox 376 2032 537 2099; x_wconf 79' lang='lat' dir='ltr'><strong>maiestate</strong></span> <span class='ocrx_word' id='word_1_127' title='bbox 554 2034 729 2112; x_wconf 89' lang='lat' dir='ltr'><strong>decoratur,</strong></span> <span class='ocrx_word' id='word_1_128' title='bbox 752 2035 789 2098; x_wconf 92' lang='lat' dir='ltr'><strong>ut</strong></span> <span class='ocrx_word' id='word_1_129' title='bbox 811 2052 847 2099; x_wconf 85' lang='lat' dir='ltr'><strong>en</strong></span> <span class='ocrx_word' id='word_1_130' title='bbox 869 2033 937 2116; x_wconf 92' lang='lat' dir='ltr'><strong>ipsa</strong></span> <span class='ocrx_word' id='word_1_131' title='bbox 959 2052 1013 2116; x_wconf 91' lang='lat' dir='ltr'><strong>per</strong></span> <span class='ocrx_word' id='word_1_132' title='bbox 1028 2035 1146 2098; x_wconf 89' lang='lat' dir='ltr'><strong>ueteres</strong></span> <span class='ocrx_word' id='word_1_133' title='bbox 1161 2029 1364 2096; x_wconf 83' lang='lat' dir='ltr'><strong>conscientiae</strong></span> 
     </span>
     <span class='ocr_line' id='line_1_16' title="bbox 200 2133 1395 2221; baseline -0.005 -20"><span class='ocrx_word' id='word_1_134' title='bbox 200 2152 225 2192; x_wconf 76' lang='lat'><strong>1⁵</strong></span> <span class='ocrx_word' id='word_1_135' title='bbox 235 2138 390 2203; x_wconf 85' lang='lat' dir='ltr'><strong>cicatrices</strong></span> <span class='ocrx_word' id='word_1_136' title='bbox 405 2137 600 2203; x_wconf 88' lang='lat' dir='ltr'><strong>credentibus</strong></span> <span class='ocrx_word' id='word_1_137' title='bbox 615 2137 791 2203; x_wconf 90' lang='lat' dir='ltr'><strong>hominibus</strong></span> <span class='ocrx_word' id='word_1_138' title='bbox 813 2138 958 2203; x_wconf 89' lang='lat' dir='ltr'><strong>salutaris</strong></span> <span class='ocrx_word' id='word_1_139' title='bbox 981 2138 1097 2203; x_wconf 89' lang='lat' dir='ltr'><strong>sanitas</strong></span> <span class='ocrx_word' id='word_1_140' title='bbox 1119 2135 1280 2221; x_wconf 79' lang='lat' dir='ltr'><strong>irrigetur.</strong></span> <span class='ocrx_word' id='word_1_141' title='bbox 1311 2133 1395 2197; x_wconf 83' lang='lat' dir='ltr'><strong>sede</strong></span> 
     </span>
     <span class='ocr_line' id='line_1_17' title="bbox 234 2237 1365 2324; baseline -0.003 -20"><span class='ocrx_word' id='word_1_142' title='bbox 234 2241 267 2304; x_wconf 91' lang='lat' dir='ltr'><strong>in</strong></span> <span class='ocrx_word' id='word_1_143' title='bbox 288 2240 338 2305; x_wconf 93' lang='lat' dir='ltr'><strong>his</strong></span> <span class='ocrx_word' id='word_1_144' title='bbox 358 2239 515 2306; x_wconf 86' lang='lat' dir='ltr'><strong>funeribus</strong></span> <span class='ocrx_word' id='word_1_145' title='bbox 531 2242 563 2306; x_wconf 90' lang='lat' dir='ltr'><strong>et</strong></span> <span class='ocrx_word' id='word_1_146' title='bbox 576 2240 733 2320; x_wconf 90' lang='lat' dir='ltr'><strong>luctibus,</strong></span> <span class='ocrx_word' id='word_1_147' title='bbox 765 2260 841 2324; x_wconf 91' lang='lat' dir='ltr'><strong>quae</strong></span> <span class='ocrx_word' id='word_1_148' title='bbox 857 2261 931 2307; x_wconf 89' lang='lat' dir='ltr'><strong>uera</strong></span> <span class='ocrx_word' id='word_1_149' title='bbox 946 2244 1018 2307; x_wconf 87' lang='lat' dir='ltr'><strong>sunt</strong></span> <span class='ocrx_word' id='word_1_150' title='bbox 1033 2240 1155 2319; x_wconf 86' lang='lat' dir='ltr'><strong>funera,</strong></span> <span class='ocrx_word' id='word_1_151' title='bbox 1188 2237 1365 2321; x_wconf 82' lang='lat' dir='ltr'><strong>quaefacta</strong></span> 
     </span>
     <span class='ocr_line' id='line_1_18' title="bbox 235 2341 1366 2429; baseline -0.004 -20"><span class='ocrx_word' id='word_1_152' title='bbox 235 2346 322 2423; x_wconf 91' lang='lat' dir='ltr'><strong>sunt,</strong></span> <span class='ocrx_word' id='word_1_153' title='bbox 354 2345 485 2427; x_wconf 86' lang='lat' dir='ltr'><strong>quorum</strong></span> <span class='ocrx_word' id='word_1_154' title='bbox 506 2346 613 2411; x_wconf 82' lang='lat' dir='ltr'><strong>extant</strong></span> <span class='ocrx_word' id='word_1_155' title='bbox 635 2345 786 2428; x_wconf 88' lang='lat' dir='ltr'><strong>hodieque</strong></span> <span class='ocrx_word' id='word_1_156' title='bbox 807 2346 956 2429; x_wconf 88' lang='lat' dir='ltr'><strong>reliquiae</strong></span> <span class='ocrx_word' id='word_1_157' title='bbox 971 2383 1011 2392; x_wconf 95' lang='lat'>—</span> <span class='ocrx_word' id='word_1_158' title='bbox 1027 2364 1099 2409; x_wconf 88' lang='lat' dir='ltr'><strong>nam</strong></span> <span class='ocrx_word' id='word_1_159' title='bbox 1122 2346 1153 2409; x_wconf 88' lang='lat' dir='ltr'><strong>et</strong></span> <span class='ocrx_word' id='word_1_160' title='bbox 1169 2341 1366 2424; x_wconf 85' lang='lat' dir='ltr'><strong>sepulchrum</strong></span> 
     </span>
     <span class='ocr_line' id='line_1_19' title="bbox 235 2445 1367 2535; baseline -0.004 -22"><span class='ocrx_word' id='word_1_161' title='bbox 235 2446 366 2515; x_wconf 87' lang='lat' dir='ltr'><strong>Osiridis</strong></span> <span class='ocrx_word' id='word_1_162' title='bbox 387 2449 537 2532; x_wconf 91' lang='lat' dir='ltr'><strong>hodieque</strong></span> <span class='ocrx_word' id='word_1_163' title='bbox 566 2450 598 2515; x_wconf 93' lang='lat' dir='ltr'><strong>in</strong></span> <span class='ocrx_word' id='word_1_164' title='bbox 620 2449 763 2535; x_wconf 83' lang='lat' dir='ltr'><strong>Aegypto</strong></span> <span class='ocrx_word' id='word_1_165' title='bbox 786 2451 833 2515; x_wconf 91' lang='lat' dir='ltr'><strong>est</strong></span> <span class='ocrx_word' id='word_1_166' title='bbox 855 2451 886 2515; x_wconf 90' lang='lat' dir='ltr'><strong>et</strong></span> <span class='ocrx_word' id='word_1_167' title='bbox 908 2450 1036 2515; x_wconf 88' lang='lat' dir='ltr'><strong>cremati</strong></span> <span class='ocrx_word' id='word_1_168' title='bbox 1064 2448 1197 2530; x_wconf 89' lang='lat' dir='ltr'><strong>corporis</strong></span> <span class='ocrx_word' id='word_1_169' title='bbox 1219 2445 1367 2527; x_wconf 87' lang='lat' dir='ltr'><strong>reliquiae</strong></span> 
     </span>
     <span class='ocr_line' id='line_1_20' title="bbox 235 2550 1366 2637; baseline -0.004 -20"><span class='ocrx_word' id='word_1_170' title='bbox 235 2555 400 2618; x_wconf 88' lang='lat' dir='ltr'><strong>cernuntur</strong></span> <span class='ocrx_word' id='word_1_171' title='bbox 414 2591 455 2600; x_wconf 89' lang='lat'>—</span> <span class='ocrx_word' id='word_1_172' title='bbox 471 2554 643 2620; x_wconf 89' lang='lat' dir='ltr'><strong>defensores</strong></span> <span class='ocrx_word' id='word_1_173' title='bbox 658 2572 764 2619; x_wconf 90' lang='lat' dir='ltr'><strong>eorum</strong></span> <span class='ocrx_word' id='word_1_174' title='bbox 778 2555 888 2619; x_wconf 89' lang='lat' dir='ltr'><strong>uolunt</strong></span> <span class='ocrx_word' id='word_1_175' title='bbox 903 2554 1015 2620; x_wconf 86' lang='lat' dir='ltr'><strong>addere</strong></span> <span class='ocrx_word' id='word_1_176' title='bbox 1028 2552 1189 2637; x_wconf 83' lang='lat' dir='ltr'><strong>physicam</strong></span> <span class='ocrx_word' id='word_1_177' title='bbox 1204 2550 1366 2627; x_wconf 90' lang='lat' dir='ltr'><strong>rationem,</strong></span> 
     </span>
     <span class='ocr_line' id='line_1_21' title="bbox 201 2653 1367 2742; baseline -0.005 -21"><span class='ocrx_word' id='word_1_178' title='bbox 201 2656 362 2742; x_wconf 79' lang='lat' dir='ltr'><strong>:ofrugum</strong></span> <span class='ocrx_word' id='word_1_179' title='bbox 391 2660 509 2724; x_wconf 90' lang='lat' dir='ltr'><strong>semina</strong></span> <span class='ocrx_word' id='word_1_180' title='bbox 537 2657 653 2724; x_wconf 88' lang='lat' dir='ltr'><strong>Osirim</strong></span> <span class='ocrx_word' id='word_1_181' title='bbox 678 2658 814 2724; x_wconf 82' lang='lat' dir='ltr'><strong>dicentes</strong></span> <span class='ocrx_word' id='word_1_182' title='bbox 844 2677 925 2738; x_wconf 87' lang='lat' dir='ltr'><strong>esse,</strong></span> <span class='ocrx_word' id='word_1_183' title='bbox 957 2658 1035 2724; x_wconf 92' lang='lat' dir='ltr'><strong>Isim</strong></span> <span class='ocrx_word' id='word_1_184' title='bbox 1055 2658 1184 2733; x_wconf 86' lang='lat' dir='ltr'><strong>terram,</strong></span> <span class='ocrx_word' id='word_1_185' title='bbox 1216 2653 1367 2736; x_wconf 78' lang='lat' dir='ltr'><strong>Tylonem</strong></span> 
     </span>
     <span class='ocr_line' id='line_1_22' title="bbox 237 2758 1368 2847; baseline -0.004 -21"><span class='ocrx_word' id='word_1_186' title='bbox 237 2761 385 2828; x_wconf 89' lang='lat' dir='ltr'><strong>calorem:</strong></span> <span class='ocrx_word' id='word_1_187' title='bbox 401 2768 431 2828; x_wconf 88' lang='lat' dir='ltr'><strong>et</strong></span> <span class='ocrx_word' id='word_1_188' title='bbox 446 2763 519 2846; x_wconf 91' lang='lat' dir='ltr'><strong>quia</strong></span> <span class='ocrx_word' id='word_1_189' title='bbox 529 2764 702 2828; x_wconf 85' lang='lat' dir='ltr'><strong>maturatae</strong></span> <span class='ocrx_word' id='word_1_190' title='bbox 715 2762 821 2847; x_wconf 83' lang='lat' dir='ltr'><strong>fruges</strong></span> <span class='ocrx_word' id='word_1_191' title='bbox 837 2764 936 2829; x_wconf 89' lang='lat' dir='ltr'><strong>calore</strong></span> <span class='ocrx_word' id='word_1_192' title='bbox 947 2762 1093 2828; x_wconf 90' lang='lat' dir='ltr'><strong>adultam</strong></span> <span class='ocrx_word' id='word_1_193' title='bbox 1105 2760 1265 2825; x_wconf 91' lang='lat' dir='ltr'><strong>hominum</strong></span> <span class='ocrx_word' id='word_1_194' title='bbox 1278 2758 1368 2823; x_wconf 86' lang='lat' dir='ltr'><strong>coili-</strong></span> 
     </span>
     <span class='ocr_line' id='line_1_23' title="bbox 237 2862 1367 2951; baseline -0.004 -21"><span class='ocrx_word' id='word_1_195' title='bbox 237 2868 353 2949; x_wconf 89' lang='lat' dir='ltr'><strong>gontur</strong></span> <span class='ocrx_word' id='word_1_196' title='bbox 364 2868 395 2931; x_wconf 88' lang='lat' dir='ltr'><strong>et</strong></span> <span class='ocrx_word' id='word_1_197' title='bbox 410 2866 527 2930; x_wconf 89' lang='lat' dir='ltr'><strong>diuisae</strong></span> <span class='ocrx_word' id='word_1_198' title='bbox 542 2886 560 2931; x_wconf 90' lang='lat' dir='ltr'><strong>a</strong></span> <span class='ocrx_word' id='word_1_199' title='bbox 574 2867 673 2931; x_wconf 90' lang='lat' dir='ltr'><strong>terrae</strong></span> <span class='ocrx_word' id='word_1_200' title='bbox 688 2867 838 2931; x_wconf 88' lang='lat' dir='ltr'><strong>consortio</strong></span> <span class='ocrx_word' id='word_1_201' title='bbox 850 2867 1030 2951; x_wconf 91' lang='lat' dir='ltr'><strong>separantur</strong></span> <span class='ocrx_word' id='word_1_202' title='bbox 1041 2868 1072 2930; x_wconf 92' lang='lat' dir='ltr'><strong>et</strong></span> <span class='ocrx_word' id='word_1_203' title='bbox 1083 2883 1189 2931; x_wconf 90' lang='lat' dir='ltr'><strong>rursus</strong></span> <span class='ocrx_word' id='word_1_204' title='bbox 1201 2862 1367 2945; x_wconf 90' lang='lat' dir='ltr'><strong>adpropin-</strong></span> 
     </span>
     <span class='ocr_line' id='line_1_24' title="bbox 236 2966 1367 3051; baseline -0.005 -17"><span class='ocrx_word' id='word_1_205' title='bbox 236 2971 350 3051; x_wconf 87' lang='lat' dir='ltr'><strong>quante</strong></span> <span class='ocrx_word' id='word_1_206' title='bbox 363 2969 464 3033; x_wconf 92' lang='lat' dir='ltr'><strong>hleme</strong></span> <span class='ocrx_word' id='word_1_207' title='bbox 478 2970 678 3046; x_wconf 88' lang='lat' dir='ltr'><strong>seminantur,</strong></span> <span class='ocrx_word' id='word_1_208' title='bbox 694 2968 772 3035; x_wconf 92' lang='lat' dir='ltr'><strong>hanc</strong></span> <span class='ocrx_word' id='word_1_209' title='bbox 786 2969 897 3034; x_wconf 91' lang='lat' dir='ltr'><strong>uolunt</strong></span> <span class='ocrx_word' id='word_1_210' title='bbox 911 2988 977 3035; x_wconf 90' lang='lat' dir='ltr'><strong>esse</strong></span> <span class='ocrx_word' id='word_1_211' title='bbox 992 2970 1123 3033; x_wconf 90' lang='lat' dir='ltr'><strong>mortem</strong></span> <span class='ocrx_word' id='word_1_212' title='bbox 1138 2966 1278 3043; x_wconf 82' lang='lat' dir='ltr'><strong>Osiridis,</strong></span> <span class='ocrx_word' id='word_1_213' title='bbox 1295 2983 1367 3030; x_wconf 89' lang='lat' dir='ltr'><strong>cum</strong></span> 
     </span>
     <span class='ocr_line' id='line_1_25' title="bbox 236 3069 1367 3157; baseline -0.005 -20"><span class='ocrx_word' id='word_1_214' title='bbox 236 3072 341 3157; x_wconf 82' lang='lat' dir='ltr'><strong>fruges</strong></span> <span class='ocrx_word' id='word_1_215' title='bbox 356 3073 539 3150; x_wconf 92' lang='lat' dir='ltr'><strong>recondunt,</strong></span> <span class='ocrx_word' id='word_1_216' title='bbox 561 3074 771 3138; x_wconf 79' lang='lat' dir='ltr'><strong>intentionem</strong></span> <span class='ocrx_word' id='word_1_217' title='bbox 793 3090 880 3150; x_wconf 89' lang='lat' dir='ltr'><strong>uero,</strong></span> <span class='ocrx_word' id='word_1_218' title='bbox 905 3091 975 3138; x_wconf 91' lang='lat' dir='ltr'><strong>cum</strong></span> <span class='ocrx_word' id='word_1_219' title='bbox 998 3071 1101 3155; x_wconf 86' lang='lat' dir='ltr'><strong>fruges</strong></span> <span class='ocrx_word' id='word_1_220' title='bbox 1122 3069 1251 3155; x_wconf 80' lang='lat' dir='ltr'><strong>genitali</strong></span> <span class='ocrx_word' id='word_1_221' title='bbox 1266 3070 1367 3133; x_wconf 91' lang='lat' dir='ltr'><strong>terrae</strong></span> 
     </span>
     <span class='ocr_line' id='line_1_26' title="bbox 202 3171 1364 3260; baseline -0.003 -22"><span class='ocrx_word' id='word_1_222' title='bbox 202 3198 227 3239; x_wconf 77' lang='lat' dir='ltr'><strong>rs</strong></span> <span class='ocrx_word' id='word_1_223' title='bbox 237 3175 373 3241; x_wconf 88' lang='lat' dir='ltr'><strong>fomento</strong></span> <span class='ocrx_word' id='word_1_224' title='bbox 388 3177 552 3260; x_wconf 90' lang='lat' dir='ltr'><strong>conceptae</strong></span> <span class='ocrx_word' id='word_1_225' title='bbox 567 3196 667 3242; x_wconf 89' lang='lat' dir='ltr'><strong>annua</strong></span> <span class='ocrx_word' id='word_1_226' title='bbox 688 3196 794 3242; x_wconf 88' lang='lat' dir='ltr'><strong>rursus</strong></span> <span class='ocrx_word' id='word_1_227' title='bbox 817 3177 972 3259; x_wconf 89' lang='lat' dir='ltr'><strong>coeperint</strong></span> <span class='ocrx_word' id='word_1_228' title='bbox 993 3174 1202 3257; x_wconf 89' lang='lat' dir='ltr'><strong>pmcreatione</strong></span> <span class='ocrx_word' id='word_1_229' title='bbox 1216 3171 1364 3256; x_wconf 88' lang='lat' dir='ltr'><strong>generari.</strong></span> 
     </span>
     <span class='ocr_line' id='line_1_27' title="bbox 237 3276 1396 3361; baseline -0.004 -19"><span class='ocrx_word' id='word_1_230' title='bbox 237 3296 315 3361; x_wconf 93' lang='lat' dir='ltr'><strong>pone</strong></span> <span class='ocrx_word' id='word_1_231' title='bbox 329 3279 408 3344; x_wconf 88' lang='lat' dir='ltr'><strong>hanc</strong></span> <span class='ocrx_word' id='word_1_232' title='bbox 422 3298 529 3344; x_wconf 90' lang='lat' dir='ltr'><strong>ueram</strong></span> <span class='ocrx_word' id='word_1_233' title='bbox 543 3298 610 3345; x_wconf 88' lang='lat' dir='ltr'><strong>esse</strong></span> <span class='ocrx_word' id='word_1_234' title='bbox 632 3298 787 3345; x_wconf 88' lang='lat' dir='ltr'><strong>sacrorum</strong></span> <span class='ocrx_word' id='word_1_235' title='bbox 808 3281 941 3345; x_wconf 86' lang='lat' dir='ltr'><strong>istorum</strong></span> <span class='ocrx_word' id='word_1_236' title='bbox 962 3281 1121 3357; x_wconf 88' lang='lat' dir='ltr'><strong>rationem,</strong></span> <span class='ocrx_word' id='word_1_237' title='bbox 1145 3294 1221 3359; x_wconf 92' lang='lat' dir='ltr'><strong>poue</strong></span> <span class='ocrx_word' id='word_1_238' title='bbox 1242 3276 1396 3357; x_wconf 72' lang='lat' dir='ltr'><strong>proptera</strong></span> 
     </span>
     <span class='ocr_line' id='line_1_28' title="bbox 238 3377 1366 3467; baseline -0.004 -22"><span class='ocrx_word' id='word_1_239' title='bbox 238 3380 343 3465; x_wconf 85' lang='lat' dir='ltr'><strong>fruges</strong></span> <span class='ocrx_word' id='word_1_240' title='bbox 357 3383 431 3447; x_wconf 87' lang='lat' dir='ltr'><strong>uota</strong></span> <span class='ocrx_word' id='word_1_241' title='bbox 445 3383 531 3447; x_wconf 91' lang='lat' dir='ltr'><strong>reddi</strong></span> <span class='ocrx_word' id='word_1_242' title='bbox 551 3384 747 3449; x_wconf 87' lang='lat' dir='ltr'><strong>numinibus:</strong></span> <span class='ocrx_word' id='word_1_243' title='bbox 775 3384 850 3467; x_wconf 91' lang='lat' dir='ltr'><strong>quid</strong></span> <span class='ocrx_word' id='word_1_244' title='bbox 873 3383 960 3449; x_wconf 89' lang='lat' dir='ltr'><strong>addis</strong></span> <span class='ocrx_word' id='word_1_245' title='bbox 983 3383 1150 3461; x_wconf 86' lang='lat' dir='ltr'><strong>incestum,</strong></span> <span class='ocrx_word' id='word_1_246' title='bbox 1181 3378 1255 3462; x_wconf 92' lang='lat' dir='ltr'><strong>quid</strong></span> <span class='ocrx_word' id='word_1_247' title='bbox 1277 3377 1366 3443; x_wconf 90' lang='lat' dir='ltr'><strong>adul-</strong></span> 
     </span>
    </p>
   </div>
   <div class='ocr_carea' id='block_1_3' title="bbox 237 3548 1373 4557">
    <p class='ocr_par' dir='ltr' id='par_1_3' title="bbox 237 3548 1373 4557">
     <span class='ocr_line' id='line_1_29' title="bbox 290 3548 1368 3625; baseline -0.005 -19"><span class='ocrx_word' id='word_1_248' title='bbox 290 3554 307 3606; x_wconf 92' lang='grc'>2</span> <span class='ocrx_word' id='word_1_249' title='bbox 325 3568 450 3622; x_wconf 89' lang='lat' dir='ltr'><strong>quaerere</strong></span> <span class='ocrx_word' id='word_1_250' title='bbox 462 3553 575 3608; x_wconf 81' lang='lat' dir='ltr'><strong>addidi:</strong></span> <span class='ocrx_word' id='word_1_251' title='bbox 589 3571 638 3609; x_wconf 84' lang='lat' dir='ltr'><strong>om.</strong></span> <span class='ocrx_word' id='word_1_252' title='bbox 650 3555 685 3622; x_wconf 89' lang='lat' dir='ltr'><strong>P,</strong></span> <span class='ocrx_word' id='word_1_253' title='bbox 698 3555 828 3624; x_wconf 89' lang='lat' dir='ltr'><strong>repperiri</strong></span> <span class='ocrx_word' id='word_1_254' title='bbox 842 3555 902 3625; x_wconf 82' lang='lat' dir='ltr'><strong>(sic)</strong></span> <span class='ocrx_word' id='word_1_255' title='bbox 912 3554 1039 3607; x_wconf 67' lang='lat' dir='ltr'><strong>addam</strong></span> <span class='ocrx_word' id='word_1_256' title='bbox 1051 3568 1213 3621; x_wconf 68' lang='grc'><strong>1111111111).</strong></span> <span class='ocrx_word' id='word_1_257' title='bbox 1226 3551 1273 3605; x_wconf 82' lang='lat' dir='ltr'><strong>lia.</strong></span> <span class='ocrx_word' id='word_1_258' title='bbox 1287 3550 1320 3602; x_wconf 81' lang='lat' dir='ltr'><strong>io</strong></span> <span class='ocrx_word' id='word_1_259' title='bbox 1333 3548 1368 3611; x_wconf 92' lang='lat' dir='ltr'><strong>P,</strong></span> 
     </span>
     <span class='ocr_line' id='line_1_30' title="bbox 238 3634 1368 3709; baseline -0.007 -16"><span class='ocrx_word' id='word_1_260' title='bbox 238 3639 359 3693; x_wconf 87' lang='lat' dir='ltr'><strong>inuenire</strong></span> <span class='ocrx_word' id='word_1_261' title='bbox 365 3640 491 3694; x_wconf 79' lang='lat' dir='ltr'><strong>Bursian</strong></span> <span class='ocrx_word' id='word_1_262' title='bbox 498 3660 507 3707; x_wconf 92' lang='lat'><em>;</em></span> <span class='ocrx_word' id='word_1_263' title='bbox 520 3641 555 3706; x_wconf 83' lang='lat' dir='ltr'><strong>cf.</strong></span> <span class='ocrx_word' id='word_1_264' title='bbox 566 3656 595 3708; x_wconf 81' lang='lat' dir='ltr'><strong>p.</strong></span> <span class='ocrx_word' id='word_1_265' title='bbox 607 3644 652 3708; x_wconf 84' lang='lat'><strong>78,</strong></span> <span class='ocrx_word' id='word_1_266' title='bbox 665 3644 701 3693; x_wconf 90' lang='lat'><strong>10</strong></span> <span class='ocrx_word' id='word_1_267' title='bbox 712 3646 738 3694; x_wconf 82' lang='lat' dir='ltr'><strong>ct</strong></span> <span class='ocrx_word' id='word_1_268' title='bbox 748 3644 782 3693; x_wconf 87' lang='lat'><strong>13</strong></span> <span class='ocrx_word' id='word_1_269' title='bbox 791 3657 845 3709; x_wconf 84' lang='lat' dir='ltr'><strong>sqq.</strong></span> <span class='ocrx_word' id='word_1_270' title='bbox 900 3641 918 3699; x_wconf 83' lang='lat'>5</span> <span class='ocrx_word' id='word_1_271' title='bbox 931 3638 1029 3693; x_wconf 84' lang='lat' dir='ltr'><strong>artifici</strong></span> <span class='ocrx_word' id='word_1_272' title='bbox 1039 3640 1067 3693; x_wconf 91' lang='lat' dir='ltr'><strong><em>P</em></strong></span> <span class='ocrx_word' id='word_1_273' title='bbox 1116 3636 1135 3694; x_wconf 87' lang='lat'>8</span> <span class='ocrx_word' id='word_1_274' title='bbox 1146 3634 1313 3707; x_wconf 89' lang='lat' dir='ltr'><strong>paenitentia</strong></span> <span class='ocrx_word' id='word_1_275' title='bbox 1326 3634 1368 3687; x_wconf 89' lang='lat' dir='ltr'><strong>P:</strong></span> 
     </span>
     <span class='ocr_line' id='line_1_31' title="bbox 237 3720 1369 3795; baseline -0.008 -15"><span class='ocrx_word' id='word_1_276' title='bbox 237 3725 403 3795; x_wconf 85' lang='lat' dir='ltr'><strong>poenitentia</strong></span> <span class='ocrx_word' id='word_1_277' title='bbox 415 3725 474 3779; x_wconf 83' lang='lat' dir='ltr'><strong>edd.</strong></span> <span class='ocrx_word' id='word_1_278' title='bbox 488 3727 678 3795; x_wconf 81' lang='lat' dir='ltr'><strong>etaicaemper</strong></span> <span class='ocrx_word' id='word_1_279' title='bbox 738 3725 949 3795; x_wconf 77' lang='lat' dir='ltr'><strong>anuaquaP</strong></span> <span class='ocrx_word' id='word_1_280' title='bbox 1002 3726 1039 3781; x_wconf 88' lang='grc'><strong>12</strong></span> <span class='ocrx_word' id='word_1_281' title='bbox 1051 3724 1194 3778; x_wconf 76' lang='lat' dir='ltr'><strong>funestisa</strong></span> <span class='ocrx_word' id='word_1_282' title='bbox 1247 3720 1369 3777; x_wconf 73' lang='grc'><strong>131111-</strong></span> 
     </span>
     <span class='ocr_line' id='line_1_32' title="bbox 237 3804 1370 3882; baseline -0.009 -15"><span class='ocrx_word' id='word_1_283' title='bbox 237 3813 356 3867; x_wconf 89' lang='lat' dir='ltr'><strong>maculat</strong></span> <span class='ocrx_word' id='word_1_284' title='bbox 368 3830 386 3866; x_wconf 89' lang='lat' dir='ltr'><strong>a</strong></span> <span class='ocrx_word' id='word_1_285' title='bbox 403 3814 415 3881; x_wconf 84' lang='grc' dir='ltr'><strong>ΙΙ</strong></span> <span class='ocrx_word' id='word_1_286' title='bbox 432 3812 509 3866; x_wconf 86' lang='lat' dir='ltr'><strong>illam</strong></span> <span class='ocrx_word' id='word_1_287' title='bbox 518 3828 598 3881; x_wconf 89' lang='lat' dir='ltr'><strong>quarn</strong></span> <span class='ocrx_word' id='word_1_288' title='bbox 606 3813 717 3881; x_wconf 85' lang='lat' dir='ltr'><strong>dispicio</strong></span> <span class='ocrx_word' id='word_1_289' title='bbox 726 3812 843 3882; x_wconf 87' lang='lat' dir='ltr'><strong>ignitam</strong></span> <span class='ocrx_word' id='word_1_290' title='bbox 853 3812 886 3876; x_wconf 91' lang='lat' dir='ltr'><strong>P,</strong></span> <span class='ocrx_word' id='word_1_291' title='bbox 899 3812 948 3865; x_wconf 90' lang='lat' dir='ltr'><strong>illa</strong></span> <span class='ocrx_word' id='word_1_292' title='bbox 958 3826 1038 3879; x_wconf 89' lang='lat' dir='ltr'><strong>quarn</strong></span> <span class='ocrx_word' id='word_1_293' title='bbox 1047 3808 1162 3879; x_wconf 84' lang='lat' dir='ltr'><strong>despicis</strong></span> <span class='ocrx_word' id='word_1_294' title='bbox 1172 3808 1260 3877; x_wconf 83' lang='lat' dir='ltr'><strong>ignita</strong></span> <span class='ocrx_word' id='word_1_295' title='bbox 1269 3804 1329 3860; x_wconf 87' lang='lat' dir='ltr'><strong>cdd.</strong></span> <span class='ocrx_word' id='word_1_296' title='bbox 1341 3806 1370 3859; x_wconf 83' lang='lat' dir='ltr'><strong>ct</strong></span> 
     </span>
     <span class='ocr_line' id='line_1_33' title="bbox 239 3891 1368 3969; baseline -0.01 -13"><span class='ocrx_word' id='word_1_297' title='bbox 239 3901 274 3966; x_wconf 83' lang='lat' dir='ltr'><strong>cf.</strong></span> <span class='ocrx_word' id='word_1_298' title='bbox 289 3917 309 3956; x_wconf 84' lang='lat' dir='ltr'><strong>c.</strong></span> <span class='ocrx_word' id='word_1_299' title='bbox 330 3906 372 3965; x_wconf 82' lang='lat'><strong>18,</strong></span> <span class='ocrx_word' id='word_1_300' title='bbox 387 3904 405 3954; x_wconf 83' lang='lat'><strong><em>6</em></strong></span> <span class='ocrx_word' id='word_1_301' title='bbox 422 3900 501 3953; x_wconf 86' lang='lat' dir='ltr'><strong>illum</strong></span> <span class='ocrx_word' id='word_1_302' title='bbox 513 3916 592 3969; x_wconf 88' lang='lat' dir='ltr'><strong>quem</strong></span> <span class='ocrx_word' id='word_1_303' title='bbox 604 3899 719 3969; x_wconf 86' lang='lat' dir='ltr'><strong>despicis</strong></span> <span class='ocrx_word' id='word_1_304' title='bbox 739 3914 881 3969; x_wconf 86' lang='lat' dir='ltr'><strong>pauperem</strong></span> <span class='ocrx_word' id='word_1_305' title='bbox 894 3898 986 3967; x_wconf 85' lang='lat' dir='ltr'><strong>largus</strong></span> <span class='ocrx_word' id='word_1_306' title='bbox 1008 3899 1036 3951; x_wconf 90' lang='lat' dir='ltr'><strong>ct</strong></span> <span class='ocrx_word' id='word_1_307' title='bbox 1056 3896 1131 3950; x_wconf 89' lang='lat' dir='ltr'><strong>diues</strong></span> <span class='ocrx_word' id='word_1_308' title='bbox 1144 3897 1186 3948; x_wconf 89' lang='lat' dir='ltr'><strong>est</strong></span> <span class='ocrx_word' id='word_1_309' title='bbox 1199 3900 1225 3947; x_wconf 82' lang='lat' dir='ltr'><strong>et</strong></span> <span class='ocrx_word' id='word_1_310' title='bbox 1236 3910 1262 3946; x_wconf 78' lang='lat' dir='ltr'><strong>a.</strong></span> <span class='ocrx_word' id='word_1_311' title='bbox 1281 3891 1368 3947; x_wconf 71' lang='lat' dir='ltr'><strong>Oroa-</strong></span> 
     </span>
     <span class='ocr_line' id='line_1_34' title="bbox 244 3980 1369 4054; baseline -0.008 -13"><span class='ocrx_word' id='word_1_312' title='bbox 244 3986 352 4041; x_wconf 82' lang='lat' dir='ltr'><strong>Obsero.</strong></span> <span class='ocrx_word' id='word_1_313' title='bbox 363 3988 395 4040; x_wconf 83' lang='lat' dir='ltr'><strong>in</strong></span> <span class='ocrx_word' id='word_1_314' title='bbox 405 3987 517 4054; x_wconf 82' lang='lat' dir='ltr'><strong>scrippt.</strong></span> <span class='ocrx_word' id='word_1_315' title='bbox 528 3987 616 4040; x_wconf 79' lang='lat' dir='ltr'><strong>eccles.</strong></span> <span class='ocrx_word' id='word_1_316' title='bbox 630 4003 651 4040; x_wconf 91' lang='lat' dir='ltr'><strong>c.</strong></span> <span class='ocrx_word' id='word_1_317' title='bbox 665 3990 699 4039; x_wconf 69' lang='lat'><strong>14</strong></span> <span class='ocrx_word' id='word_1_318' title='bbox 760 3985 796 4041; x_wconf 94' lang='grc'><strong>16</strong></span> <span class='ocrx_word' id='word_1_319' title='bbox 808 4001 872 4039; x_wconf 86' lang='lat' dir='ltr'><strong>uera</strong></span> <span class='ocrx_word' id='word_1_320' title='bbox 885 3984 1027 4039; x_wconf 74' lang='lat' dir='ltr'><strong>Bursian:</strong></span> <span class='ocrx_word' id='word_1_321' title='bbox 1041 3983 1163 4045; x_wconf 87' lang='lat' dir='ltr'><strong>ucraeP,</strong></span> <span class='ocrx_word' id='word_1_322' title='bbox 1177 3996 1238 4035; x_wconf 88' lang='lat' dir='ltr'><strong>uere</strong></span> <span class='ocrx_word' id='word_1_323' title='bbox 1250 3980 1291 4047; x_wconf 79' lang='grc'><strong>1111</strong></span> <span class='ocrx_word' id='word_1_324' title='bbox 1304 3980 1369 4045; x_wconf 70' lang='lat' dir='ltr'><strong>foca.</strong></span> 
     </span>
     <span class='ocr_line' id='line_1_35' title="bbox 240 4064 1372 4141; baseline -0.008 -14"><span class='ocrx_word' id='word_1_325' title='bbox 240 4073 384 4141; x_wconf 84' lang='lat' dir='ltr'><strong>quiafacta</strong></span> <span class='ocrx_word' id='word_1_326' title='bbox 401 4075 464 4126; x_wconf 89' lang='lat' dir='ltr'><strong>sunt</strong></span> <span class='ocrx_word' id='word_1_327' title='bbox 518 4071 555 4129; x_wconf 88' lang='grc'><strong>18</strong></span> <span class='ocrx_word' id='word_1_328' title='bbox 566 4072 645 4126; x_wconf 91' lang='lat' dir='ltr'><strong>hodie</strong></span> <span class='ocrx_word' id='word_1_329' title='bbox 654 4088 787 4140; x_wconf 87' lang='lat' dir='ltr'><strong>quoquea</strong></span> <span class='ocrx_word' id='word_1_330' title='bbox 839 4073 872 4127; x_wconf 90' lang='lat'><strong>21</strong></span> <span class='ocrx_word' id='word_1_331' title='bbox 885 4072 1076 4127; x_wconf 81' lang='lat' dir='ltr'><strong>ctWorocrae:</strong></span> <span class='ocrx_word' id='word_1_332' title='bbox 1096 4068 1181 4122; x_wconf 86' lang='lat' dir='ltr'><strong>utPa</strong></span> <span class='ocrx_word' id='word_1_333' title='bbox 1200 4068 1213 4135; x_wconf 86' lang='grc' dir='ltr'><strong>ΙΙ</strong></span> <span class='ocrx_word' id='word_1_334' title='bbox 1233 4064 1335 4120; x_wconf 92' lang='lat' dir='ltr'><strong>homini</strong></span> <span class='ocrx_word' id='word_1_335' title='bbox 1352 4082 1372 4118; x_wconf 83' lang='lat' dir='ltr'><strong>c</strong></span> 
     </span>
     <span class='ocr_line' id='line_1_36' title="bbox 251 4152 1372 4230; baseline -0.009 -16"><span class='ocrx_word' id='word_1_336' title='bbox 251 4163 263 4229; x_wconf 82' lang='grc' dir='ltr'><strong>Η</strong></span> <span class='ocrx_word' id='word_1_337' title='bbox 283 4160 436 4230; x_wconf 77' lang='lat' dir='ltr'><strong>colligunt..</strong></span> <span class='ocrx_word' id='word_1_338' title='bbox 448 4160 475 4213; x_wconf 93' lang='lat' dir='ltr'><strong><em>P</em></strong></span> <span class='ocrx_word' id='word_1_339' title='bbox 535 4159 572 4216; x_wconf 92' lang='grc'><strong>22</strong></span> <span class='ocrx_word' id='word_1_340' title='bbox 589 4158 693 4212; x_wconf 88' lang='lat' dir='ltr'><strong>diuisae</strong></span> <span class='ocrx_word' id='word_1_341' title='bbox 707 4174 756 4212; x_wconf 85' lang='lat' dir='ltr'><strong>om.</strong></span> <span class='ocrx_word' id='word_1_342' title='bbox 767 4175 785 4211; x_wconf 86' lang='lat' dir='ltr'><strong>a</strong></span> <span class='ocrx_word' id='word_1_343' title='bbox 794 4158 971 4227; x_wconf 73' lang='lat' dir='ltr'><strong>(sarabaiam</strong></span> <span class='ocrx_word' id='word_1_344' title='bbox 989 4158 1022 4211; x_wconf 79' lang='lat' dir='ltr'><strong>a&#39;a</strong></span> <span class='ocrx_word' id='word_1_345' title='bbox 1040 4154 1096 4211; x_wconf 83' lang='lat' dir='ltr'><strong>cod.</strong></span> <span class='ocrx_word' id='word_1_346' title='bbox 1110 4170 1212 4208; x_wconf 80' lang='lat' dir='ltr'><strong>rasura</strong></span> <span class='ocrx_word' id='word_1_347' title='bbox 1221 4153 1299 4220; x_wconf 74' lang='lat' dir='ltr'><strong>sacta</strong></span> <span class='ocrx_word' id='word_1_348' title='bbox 1311 4152 1372 4219; x_wconf 77' lang='lat' dir='ltr'><strong>fera</strong></span> 
     </span>
     <span class='ocr_line' id='line_1_37' title="bbox 240 4237 1369 4314; baseline -0.006 -16"><span class='ocrx_word' id='word_1_349' title='bbox 240 4246 369 4314; x_wconf 75' lang='lat' dir='ltr'><strong>euanuit)</strong></span> <span class='ocrx_word' id='word_1_350' title='bbox 421 4245 458 4301; x_wconf 88' lang='grc'><strong>24</strong></span> <span class='ocrx_word' id='word_1_351' title='bbox 475 4245 620 4299; x_wconf 84' lang='lat' dir='ltr'><strong>recondunt</strong></span> <span class='ocrx_word' id='word_1_352' title='bbox 631 4244 843 4311; x_wconf 69' lang='lat' dir='ltr'><strong>Reifferscheid:</strong></span> <span class='ocrx_word' id='word_1_353' title='bbox 861 4243 976 4297; x_wconf 85' lang='lat' dir='ltr'><strong>reddunt</strong></span> <span class='ocrx_word' id='word_1_354' title='bbox 985 4243 1043 4308; x_wconf 87' lang='lat' dir='ltr'><strong>Pa,</strong></span> <span class='ocrx_word' id='word_1_355' title='bbox 1062 4241 1177 4295; x_wconf 86' lang='lat' dir='ltr'><strong>condunt</strong></span> <span class='ocrx_word' id='word_1_356' title='bbox 1190 4239 1216 4293; x_wconf 83' lang='lat' dir='ltr'><strong>J.</strong></span> <span class='ocrx_word' id='word_1_357' title='bbox 1230 4240 1281 4293; x_wconf 80' lang='lat' dir='ltr'><strong>Fr.</strong></span> <span class='ocrx_word' id='word_1_358' title='bbox 1298 4237 1369 4292; x_wconf 80' lang='lat' dir='ltr'><strong>Oro·</strong></span> 
     </span>
     <span class='ocr_line' id='line_1_38' title="bbox 240 4324 1373 4399; baseline -0.007 -14"><span class='ocrx_word' id='word_1_359' title='bbox 240 4332 349 4395; x_wconf 74' lang='lat' dir='ltr'><strong>coaice,</strong></span> <span class='ocrx_word' id='word_1_360' title='bbox 368 4330 490 4385; x_wconf 87' lang='lat' dir='ltr'><strong>recidunt</strong></span> <span class='ocrx_word' id='word_1_361' title='bbox 500 4331 597 4385; x_wconf 82' lang='lat' dir='ltr'><strong>Oeblcr</strong></span> <span class='ocrx_word' id='word_1_362' title='bbox 612 4332 625 4399; x_wconf 85' lang='grc'><strong>11</strong></span> <span class='ocrx_word' id='word_1_363' title='bbox 640 4330 756 4399; x_wconf 84' lang='lat' dir='ltr'><strong>genitali</strong></span> <span class='ocrx_word' id='word_1_364' title='bbox 766 4330 921 4384; x_wconf 80' lang='lat' dir='ltr'><strong>Woweras:</strong></span> <span class='ocrx_word' id='word_1_365' title='bbox 934 4326 1062 4398; x_wconf 80' lang='lat' dir='ltr'><strong>genitalis</strong></span> <span class='ocrx_word' id='word_1_366' title='bbox 1075 4327 1121 4381; x_wconf 85' lang='lat' dir='ltr'><strong>Pa</strong></span> <span class='ocrx_word' id='word_1_367' title='bbox 1166 4326 1202 4385; x_wconf 85' lang='grc'>25</span> <span class='ocrx_word' id='word_1_368' title='bbox 1215 4325 1331 4380; x_wconf 84' lang='lat' dir='ltr'><strong>fomento</strong></span> <span class='ocrx_word' id='word_1_369' title='bbox 1343 4324 1373 4377; x_wconf 90' lang='lat' dir='ltr'><em>P</em></span> 
     </span>
     <span class='ocr_line' id='line_1_39' title="bbox 240 4410 1371 4485; baseline -0.005 -15"><span class='ocrx_word' id='word_1_370' title='bbox 240 4423 273 4470; x_wconf 82' lang='lat' dir='ltr'><strong>at</strong></span> <span class='ocrx_word' id='word_1_371' title='bbox 284 4418 352 4471; x_wconf 74' lang='lat' dir='ltr'><strong>coni.</strong></span> <span class='ocrx_word' id='word_1_372' title='bbox 369 4420 518 4472; x_wconf 81' lang='lat' dir='ltr'><strong>Wowerus:</strong></span> <span class='ocrx_word' id='word_1_373' title='bbox 529 4417 662 4471; x_wconf 82' lang='lat' dir='ltr'><strong>frumento</strong></span> <span class='ocrx_word' id='word_1_374' title='bbox 671 4434 689 4471; x_wconf 87' lang='lat' dir='ltr'><strong>a</strong></span> <span class='ocrx_word' id='word_1_375' title='bbox 704 4418 717 4485; x_wconf 82' lang='grc' dir='ltr'><strong>ΙΙ</strong></span> <span class='ocrx_word' id='word_1_376' title='bbox 734 4416 868 4471; x_wconf 86' lang='lat' dir='ltr'><strong>sunuaP:</strong></span> <span class='ocrx_word' id='word_1_377' title='bbox 882 4416 999 4477; x_wconf 79' lang='lat' dir='ltr'><strong>omnlaa,</strong></span> <span class='ocrx_word' id='word_1_378' title='bbox 1014 4417 1026 4483; x_wconf 81' lang='grc' dir='ltr'>Η</span> <span class='ocrx_word' id='word_1_379' title='bbox 1043 4414 1196 4483; x_wconf 81' lang='lat' dir='ltr'><strong>ceperiutP</strong></span> <span class='ocrx_word' id='word_1_380' title='bbox 1245 4410 1371 4467; x_wconf 77' lang='grc'><strong>271111111-</strong></span> 
     </span>
     <span class='ocr_line' id='line_1_40' title="bbox 242 4504 367 4557; baseline 0.008 -1"><span class='ocrx_word' id='word_1_381' title='bbox 242 4504 367 4557; x_wconf 86' lang='lat' dir='ltr'><strong>terumP</strong></span> 
     </span>
    </p>
   </div>
   <div class='ocr_carea' id='block_1_4' title="bbox 0 0 1667 5142">
    <p class='ocr_par' dir='ltr' id='par_1_4' title="bbox 0 0 1667 5142">
     <span class='ocr_line' id='line_1_41' title="bbox 0 0 1667 5142; baseline 0 0"><span class='ocrx_word' id='word_1_382' title='bbox 0 0 1667 5142; x_wconf 95' lang='lat' dir='ltr'><strong> </strong></span> 
     </span>
    </p>
   </div>
  </div>
 </body>
</html>
