3300 5142
657 538 730 606 Cap.
750 538 872 595 20-21.
1268 542 1329 605 109

197 694 399 760 fundamenta
423 695 579 759 sustentat
594 695 648 758 aut
673 694 706 757 in
732 694 845 778 angulo
870 694 990 776 positus
1017 694 1149 760 duorum
1175 696 1330 777 parietum
1341 709 1441 755 rotae

193 798 336 863 membra
361 798 493 880 aequata
518 797 728 862 moderatione
752 798 932 880 adiungit,
955 796 988 862 id
1010 799 1057 863 est
1071 798 1184 862 ueteris
1205 798 1237 863 et
1256 798 1329 863 noui

195 901 375 966 testamenti
401 901 435 964 in
463 919 560 964 unum
586 900 709 985 colligit
730 902 836 983 pentes
857 902 912 966 aut
940 902 1021 966 certe
1036 902 1169 983 eorporis
1184 903 1216 967 ot
1231 902 1327 966 animi

193 1005 407 1070 diuersitatem
430 1003 580 1069 ‚xiol...a
593 1003 713 1068 homini
737 1003 963 1071 inmortalitate
984 1004 1136 1070 consociat
1156 1006 1211 1069 aut
1225 1006 1328 1089 legem

152 1127 166 1167 s
192 1108 375 1193 promulgat
396 1108 450 1172 ant
470 1108 576 1173 contra
594 1107 756 1189 peccantes
770 1108 987 1174 testimonium
1001 1108 1143 1191 perhibet
1157 1109 1227 1187 aut,
1243 1108 1326 1187 qaod

191 1215 238 1276 est
250 1211 370 1294 potius,
403 1210 573 1294 imaginem
588 1208 704 1275 diaboli
718 1198 867 1294 percutit,
894 1214 928 1277 ut
943 1216 1086 1296 superato
1100 1230 1133 1277 eo
1147 1212 1239 1293 atque
1253 1227 1325 1294 pro-

192 1316 292 1379 strato
307 1316 339 1379 et
353 1315 387 1378 in
401 1313 536 1379 cinerem
549 1314 735 1397 fauillasque
751 1332 895 1379 conuerso
911 1316 1009 1380 erecto
1025 1314 1234 1380 sublimitatis
1249 1332 1325 1378 suae

190 1417 308 1483 uertice
322 1437 436 1501 pamm
450 1417 669 1483 dominationis
694 1418 861 1499 imperium
886 1417 937 1484 sit.
961 1436 1015 1483 uos
1037 1436 1132 1497 nunc,
1163 1415 1353 1484 Constantis
1424 1446 1428 1453 ·

191 1522 225 1586 et
239 1519 389 1585 Constans
403 1520 606 1586 sacratissimi
621 1520 840 1602 imperatores,
864 1521 895 1584 et
909 1521 1100 1586 uenerandae
1114 1520 1186 1585 fidei
1201 1522 1324 1585 nestrae

150 1644 180 1685 ro
189 1623 385 1705 imploranda
399 1624 500 1688 uirtus
515 1626 578 1702 est,
602 1642 679 1706 quae
693 1641 788 1706 supra
802 1623 941 1689 homines
956 1624 1088 1707 origitur
1110 1625 1142 1688 ct
1163 1643 1182 1687 a
1201 1624 1324 1688 terrena

189 1726 364 1811 fragilitate
384 1726 558 1808 separatur,
581 1746 661 1806 qaae
681 1727 863 1791 caelestium
886 1745 918 1792 se
943 1746 1047 1792 rerum
1074 1727 1220 1792 societate
1250 1744 1323 1791 oon·

188 1831 311 1915 iungit,
334 1830 460 1912 quaein
475 1829 617 1894 omnibns
633 1830 754 1895 actibus
769 1830 850 1909 suis,
874 1832 964 1913 prout
979 1831 1098 1914 potest,
1132 1828 1191 1895 Dei
1207 1829 1322 1893 summi

189 1934 332 2016 seqnitur
341 1932 549 1998 uoluntatem:
565 1932 721 1999 modicum
732 1935 857 1999 tantum
868 1936 1008 2016 superest
1019 1936 1056 1998 nt
1070 1932 1193 2017 legibus
1208 1932 1323 1997 nestris

189 2036 333 2101 funditus
342 2035 660 2117 prostratusdiabolus
671 2036 780 2116 iaceat,
793 2038 830 2101 ut
841 2037 992 2102 extinctas
1003 2036 1198 2102 idololatriae
1215 2035 1321 2119 pareat

156 2158 183 2197 a
192 2138 318 2204 funesta
332 2138 483 2223 antagio.
508 2139 617 2204 ueneni
631 2140 724 2204 huius
743 2140 831 2205 uirus
845 2140 973 2205 euanuit
988 2142 1020 2205 et
1035 2158 1090 2222 per
1104 2138 1169 2204 dies
1184 2138 1323 2222 singulos

195 2242 371 2307 substantia
394 2241 547 2325 profanae
572 2241 753 2324 cupiditatis
781 2243 925 2326 exspirat.
950 2242 1060 2325 erigite
1074 2242 1226 2307 uexillum
1239 2241 1321 2318 fidei,

197 2345 287 2410 nobis
301 2345 358 2410 hoc
372 2345 520 2411 diuinitas
534 2346 720 2411 reseruanit:
736 2346 841 2411 fauore
856 2346 923 2409 elas
937 2346 1104 2411 eminentes
1113 2348 1323 2425 prostratores

188 2448 265 2514 estis
279 2448 418 2513 omnium
433 2449 572 2513 hostium
585 2449 769 2528 nestrorum,
793 2466 924 2530 quornm
950 2467 1041 2533 opera
1064 2447 1247 2512 Romanam
1269 2446 1322 2513 ia-

187 2550 374 2616 firmabatnr
388 2551 563 2633 emperiam.
594 2552 720 2637 signum
735 2552 925 2617 uenerandae
947 2551 1023 2635 lepis
1045 2552 1167 2635 erigite,
1194 2550 1321 2629 sancite,

151 2654 385 2739 apromulgae
411 2656 493 2737 qnod
517 2654 624 2738 prosit.
655 2656 698 2721 sit
712 2655 852 2722 faustum
867 2656 1000 2737 telisque
1020 2656 1066 2721 roi
1081 2655 1223 2738 publicae
1238 2653 1319 2736 qnod

188 2758 272 2823 inter
286 2778 411 2824 aceruos
427 2777 585 2824 caesarum
598 2760 805 2823 uictimarum
830 2760 968 2825 hostium
993 2758 1210 2842 prostrauistis
1236 2776 1320 2822 exer-

188 2860 295 2926 citum.
326 2860 430 2927 felices
447 2880 503 2927 nos
518 2879 651 2944 quoqne:
680 2861 802 2945 pieriae
821 2882 856 2928 ac
871 2862 1043 2927 uoluntatis
1059 2880 1131 2927 suae
1145 2862 1229 2926 Deus
1245 2860 1320 2925 feeit

189 2984 254 3031 esse
268 2966 444 3049 participes,
474 2965 668 3031 idololatriae
684 2966 839 3031 excidium
854 2967 886 3031 et
900 2965 1099 3050 profanarum
1114 2966 1238 3030 aedium
1252 2963 1318 3027 rui-

187 3087 261 3133 nam
275 3068 428 3151 propitius
444 3066 585 3133 Christus
599 3068 718 3150 papale
742 3070 856 3135 uestris
882 3070 1025 3135 manibus
1051 3068 1229 3134 reseruauit.
1265 3066 1319 3130 ills

149 3171 383 3253 aspiritalibns
409 3173 510 3236 armis
540 3173 639 3237 malos
664 3172 809 3252 spiratus,
830 3173 835 3255 1
855 3190 909 3237 uos
933 3172 1017 3238 mala
1041 3174 1162 3237 terrena
1187 3169 1317 3235 dicistis.
1328 3190 1430 3236 raaia

188 3273 300 3357 erigite
324 3274 451 3356 tropaea
476 3275 625 3341 uictoriae
639 3276 671 3341 et
684 3276 877 3359 praeferatur
891 3275 1000 3361 ingens
1015 3274 1127 3340 titulus
1143 3275 1318 3358 triumpho-

186 3395 275 3441 rum:
305 3376 504 3459 profanarum
518 3397 622 3444 rerum
636 3380 740 3463 strage
755 3379 925 3463 gaudentes
940 3378 1075 3445 exultate
1090 3377 1216 3459 fortius,
1232 3379 1319 3444 exul·

187 3584 263 3637 tram
273 3580 307 3635 ia
319 3580 347 3634 P
358 3587 467 3635 merare
478 3586 598 3636 testarer
609 3583 808 3651 Reifferscheid
832 3585 844 3652 ΙΙ
867 3584 954 3653 parcit
964 3602 994 3651 a,
1013 3584 1109 3653 parsit
1122 3583 1232 3652 Oelrler,
1251 3585 1282 3639 ire
1293 3585 1321 3638 P

185 3666 289 3737 proerit
300 3667 346 3721 ael
357 3667 429 3735 perit
439 3668 573 3737 scriptam
583 3669 677 3724 uideri
687 3676 779 3725 maaet
788 3670 986 3738 Reifferscheid
1030 3670 1067 3728 32
1081 3670 1133 3725 iste
1144 3670 1256 3725 addidit
1266 3687 1286 3724 a

239 3752 258 3809 2
276 3752 417 3822 coniungit
428 3753 492 3808 add.
508 3772 526 3808 a
537 3756 569 3809 ia
586 3756 644 3810 loco
656 3773 775 3824 prorsas
791 3758 952 3825 ooecarat05
972 3773 1005 3810 ea
1016 3758 1108 3825 epatre
1119 3757 1151 3811 ia
1163 3758 1191 3810 P
1201 3762 1319 3825 apparet

185 3841 292 3894 12—15
303 3840 411 3894 litterae
422 3842 542 3908 scriptas
552 3842 640 3909 saraae
683 3841 702 3898 4
714 3842 858 3897 conciliata
870 3843 925 3911 (ael
937 3860 967 3896 ex
981 3843 1090 3913 collata)
1102 3842 1172 3897 coni.
1184 3842 1316 3907 Bursian,

185 3924 319 3979 inuiolata
331 3943 350 3980 a
402 3925 441 3983 10
457 3942 525 3995 quac
537 3944 570 3981 a:
588 3944 636 3981 cae.
652 3929 679 3982 P
751 3928 1042 3997 11quaecae1estinm
1055 3945 1119 3983 reos:
1139 3943 1206 3997 quse
1219 3944 1268 3982 orn.
1282 3929 1316 3993 P,

185 4011 393 4081 coelestiumque
405 4030 424 4066 a
478 4013 515 4070 13
527 4015 634 4068 tantum
644 4015 797 4069 Woweraa:
815 4015 913 4068 talium
926 4014 985 4083 P(.
992 4016 1006 4083 )
1019 4032 1037 4068 a
1086 4014 1122 4070 17
1136 4014 1193 4068 eins
1206 4014 1318 4069 addidit

186 4096 327 4162 Bareiaa,
346 4098 422 4152 cuins
442 4098 533 4152 fanore
551 4116 570 4153 a
640 4100 677 4156 19
696 4099 854 4154 firmabatur
875 4101 902 4153 P
921 4102 962 4168 (.)
983 4116 1013 4164 a,
1033 4116 1079 4153 era.
1098 4100 1253 4168 Woweraa;
1273 4116 1317 4153 ne-

186 4182 301 4238 xabatnr
313 4186 382 4239 coni.
398 4186 525 4240 Bursian
576 4186 615 4243 21
635 4186 807 4240 uictimarum
818 4185 931 4251 addidi,
950 4184 1099 4240 hostiarum
1111 4184 1175 4239 add.
1190 4185 1318 4239 Bareiare

186 4258 268 4338 (qnod
288 4272 332 4323 tot
351 4286 459 4325 aceruos
481 4287 616 4326 caesorum
637 4272 754 4327 hostiurn
776 4274 806 4342 a)
852 4272 890 4329 22
908 4272 1048 4341 glorisso,
1067 4270 1315 4327 sedtaiasaocab.

187 4355 297 4409 arellam
307 4358 455 4427 aestipiam
466 4358 498 4412 ire
510 4359 538 4412 P
549 4374 604 4413 eoae
615 4364 735 4413 testator
746 4358 857 4413 Loreaz
909 4357 948 4415 23
966 4357 1072 4411 ruinam
1085 4357 1225 4412 Bursian:
1238 4356 1317 4411 ruina

188 4439 229 4507 P,
247 4440 339 4495 ruinas
360 4459 379 4495 a
447 4442 486 4500 24
505 4444 635 4499 nostrisa
703 4445 742 4503 25
760 4444 949 4514 spiritualibus
961 4462 979 4498 a
1003 4447 1014 4512 11
1038 4444 1120 4498 armis
1141 4462 1173 4497 a:
1193 4460 1241 4498 om.
1256 4445 1284 4499 P

188 4525 228 4581 26
246 4528 338 4595 tropea
351 4528 389 4593 P,
409 4528 538 4598 trophaea
550 4547 569 4584 a
591 4533 603 4600 11
625 4530 777 4600 proferatur
789 4548 807 4584 a
